<?xml version="1.0" encoding="UTF-8"?>
<!DOCTYPE html PUBLIC "-//W3C//DTD XHTML 1.0 Transitional//EN"
    "http://www.w3.org/TR/xhtml1/DTD/xhtml1-transitional.dtd">
<html xmlns="http://www.w3.org/1999/xhtml" xml:lang="en" lang="en">
 <head>
  <title>
</title>
<meta http-equiv="Content-Type" content="text/html;charset=utf-8" />
  <meta name='ocr-system' content='tesseract 3.04.00' />
  <meta name='ocr-capabilities' content='ocr_page ocr_carea ocr_par ocr_line ocrx_word'/>
</head>
<body>
  <div class='ocr_page' id='page_1' title='image "./opera04tacigoog_0308.png"; bbox 0 0 2030 3000; ppageno 0'>
   <div class='ocr_carea' id='block_1_1' title="bbox 221 122 823 180">
    <p class='ocr_par' dir='ltr' id='par_1_1' title="bbox 221 122 823 180">
     <span class='ocr_line' id='line_1_1' title="bbox 221 122 823 180; baseline 0.013 -8"><span class='ocrx_word' id='word_1_1' title='bbox 221 122 420 172; x_wconf 63' lang='lat' dir='ltr'><strong>lunanum</strong></span> <span class='ocrx_word' id='word_1_2' title='bbox 437 123 515 172; x_wconf 84' lang='lat' dir='ltr'><strong>Xlll.</strong></span> <span class='ocrx_word' id='word_1_3' title='bbox 535 125 640 174; x_wconf 75' lang='lat' dir='ltr'><strong>ta—tt.</strong></span> <span class='ocrx_word' id='word_1_4' title='bbox 681 145 684 154; x_wconf 73' lang='lat'><strong><em>¹</em></strong></span> <span class='ocrx_word' id='word_1_5' title='bbox 774 131 823 180; x_wconf 71' lang='grc' dir='ltr'><strong>Μ</strong></span> 
     </span>
    </p>
   </div>
   <div class='ocr_carea' id='block_1_2' title="bbox 13 185 874 2734">
    <p class='ocr_par' dir='ltr' id='par_1_2' title="bbox 13 185 118 228">
     <span class='ocr_line' id='line_1_2' title="bbox 13 185 118 228; baseline 0 -1"><span class='ocrx_word' id='word_1_6' title='bbox 13 185 73 228; x_wconf 80' lang='grc' dir='ltr'><strong>ΑΒ.</strong></span> <span class='ocrx_word' id='word_1_7' title='bbox 84 185 118 228; x_wconf 64' lang='grc' dir='ltr'><strong>Β.</strong></span> 
     </span>
    </p>

    <p class='ocr_par' dir='ltr' id='par_1_3' title="bbox 13 185 847 1215">
     <span class='ocr_line' id='line_1_3' title="bbox 13 185 824 306; baseline 0.01 -18.064"><span class='ocrx_word' id='word_1_8' title='bbox 13 185 299 306; x_wconf 70' lang='lat' dir='ltr'><strong>rgnurmtnlrleetaban</strong></span> <span class='ocrx_word' id='word_1_9' title='bbox 271 237 335 306; x_wconf 66' lang='lat' dir='ltr'><strong>tna)</strong></span> <span class='ocrx_word' id='word_1_10' title='bbox 346 236 408 292; x_wconf 84' lang='lat' dir='ltr'><strong>dnm</strong></span> <span class='ocrx_word' id='word_1_11' title='bbox 419 254 566 294; x_wconf 81' lang='lat' dir='ltr'><strong>comessum</strong></span> <span class='ocrx_word' id='word_1_12' title='bbox 577 255 668 305; x_wconf 71' lang='lat' dir='ltr'><strong>cavan,</strong></span> <span class='ocrx_word' id='word_1_13' title='bbox 678 239 824 296; x_wconf 69' lang='lat' dir='ltr'><strong>mmmm</strong></span> 
     </span>
     <span class='ocr_line' id='line_1_4' title="bbox 13 311 824 385; baseline 0.007 -20"><span class='ocrx_word' id='word_1_14' title='bbox 13 311 147 376; x_wconf 85' lang='lat' dir='ltr'><strong>ordinum,</strong></span> <span class='ocrx_word' id='word_1_15' title='bbox 163 311 224 382; x_wconf 90' lang='lat' dir='ltr'><strong>quis</strong></span> <span class='ocrx_word' id='word_1_16' title='bbox 236 330 321 382; x_wconf 75' lang='lat' dir='ltr'><strong>eques,</strong></span> <span class='ocrx_word' id='word_1_17' title='bbox 334 312 380 368; x_wconf 88' lang='lat' dir='ltr'><strong>nbi</strong></span> <span class='ocrx_word' id='word_1_18' title='bbox 394 317 499 370; x_wconf 83' lang='lat' dir='ltr'><strong>senatus</strong></span> <span class='ocrx_word' id='word_1_19' title='bbox 515 319 722 385; x_wconf 70' lang='lat' dir='ltr'><strong>permutantur,</strong></span> <span class='ocrx_word' id='word_1_20' title='bbox 735 315 824 372; x_wconf 83' lang='lat' dir='ltr'><strong>adver·</strong></span> 
     </span>
     <span class='ocr_line' id='line_1_5' title="bbox 13 385 822 458; baseline 0.007 -17"><span class='ocrx_word' id='word_1_21' title='bbox 13 391 66 441; x_wconf 88' lang='lat' dir='ltr'><strong>tere</strong></span> <span class='ocrx_word' id='word_1_22' title='bbox 83 385 221 458; x_wconf 86' lang='lat' dir='ltr'><strong>quosdam</strong></span> <span class='ocrx_word' id='word_1_23' title='bbox 237 387 310 442; x_wconf 88' lang='lat' dir='ltr'><strong>cultu</strong></span> <span class='ocrx_word' id='word_1_24' title='bbox 326 392 432 444; x_wconf 82' lang='lat' dir='ltr'><strong>externo</strong></span> <span class='ocrx_word' id='word_1_25' title='bbox 448 389 476 444; x_wconf 92' lang='lat' dir='ltr'><strong>in</strong></span> <span class='ocrx_word' id='word_1_26' title='bbox 489 390 591 446; x_wconf 84' lang='lat' dir='ltr'><strong>sedibus</strong></span> <span class='ocrx_word' id='word_1_27' title='bbox 610 395 756 446; x_wconf 86' lang='lat' dir='ltr'><strong>senatorum</strong></span> <span class='ocrx_word' id='word_1_28' title='bbox 765 414 773 458; x_wconf 79' lang='lat' dir='ltr'>i</span> <span class='ocrx_word' id='word_1_29' title='bbox 795 394 822 447; x_wconf 84' lang='lat' dir='ltr'><strong>et</strong></span> 
     </span>
     <span class='ocr_line' id='line_1_6' title="bbox 14 461 822 536; baseline 0.005 -18"><span class='ocrx_word' id='word_1_30' title='bbox 14 463 121 532; x_wconf 88' lang='lat' dir='ltr'><strong>quinam</strong></span> <span class='ocrx_word' id='word_1_31' title='bbox 143 461 234 516; x_wconf 79' lang='lat' dir='ltr'><strong>forent</strong></span> <span class='ocrx_word' id='word_1_32' title='bbox 251 463 400 531; x_wconf 76' lang='lat' dir='ltr'>rogitantes,</span> <span class='ocrx_word' id='word_1_33' title='bbox 419 469 555 536; x_wconf 75' lang='lat' dir='ltr'><strong>postquam</strong></span> <span class='ocrx_word' id='word_1_34' title='bbox 571 465 720 521; x_wconf 82' lang='lat' dir='ltr'><strong>audiverant</strong></span> <span class='ocrx_word' id='word_1_35' title='bbox 735 485 822 522; x_wconf 86' lang='lat' dir='ltr'><strong>earum</strong></span> 
     </span>
     <span class='ocr_line' id='line_1_7' title="bbox 14 538 823 611; baseline 0.008 -19"><span class='ocrx_word' id='word_1_36' title='bbox 14 543 74 608; x_wconf 88' lang='lat' dir='ltr'><strong>gent</strong></span> <span class='ocrx_word' id='word_1_37' title='bbox 62 540 137 594; x_wconf 89' lang='lat' dir='ltr'><strong>tium</strong></span> <span class='ocrx_word' id='word_1_38' title='bbox 151 538 247 609; x_wconf 85' lang='lat' dir='ltr'><strong>legatis</strong></span> <span class='ocrx_word' id='word_1_39' title='bbox 260 539 287 592; x_wconf 84' lang='lat' dir='ltr'><strong>id</strong></span> <span class='ocrx_word' id='word_1_40' title='bbox 298 539 400 596; x_wconf 81' lang='lat' dir='ltr'><strong>lionoris</strong></span> <span class='ocrx_word' id='word_1_41' title='bbox 413 541 509 606; x_wconf 89' lang='lat' dir='ltr'><strong>datum,</strong></span> <span class='ocrx_word' id='word_1_42' title='bbox 522 559 578 611; x_wconf 78' lang='lat' dir='ltr'><strong>qua</strong></span> <span class='ocrx_word' id='word_1_43' title='bbox 591 543 687 596; x_wconf 83' lang='lat' dir='ltr'><strong>virtute</strong></span> <span class='ocrx_word' id='word_1_44' title='bbox 700 546 727 598; x_wconf 91' lang='lat' dir='ltr'><strong>et</strong></span> <span class='ocrx_word' id='word_1_45' title='bbox 739 543 823 598; x_wconf 86' lang='lat' dir='ltr'><strong>amiei-</strong></span> 
     </span>
     <span class='ocr_line' id='line_1_8' title="bbox 14 614 822 684; baseline 0.007 -17"><span class='ocrx_word' id='word_1_46' title='bbox 14 615 49 667; x_wconf 86' lang='lat' dir='ltr'><strong>tia</strong></span> <span class='ocrx_word' id='word_1_47' title='bbox 66 615 199 670; x_wconf 80' lang='lat' dir='ltr'><strong>Romana</strong></span> <span class='ocrx_word' id='word_1_48' title='bbox 217 614 396 684; x_wconf 72' lang='lat' dir='ltr'><strong>praecellerent,</strong></span> <span class='ocrx_word' id='word_1_49' title='bbox 415 615 498 670; x_wconf 88' lang='lat' dir='ltr'><strong>nullos</strong></span> <span class='ocrx_word' id='word_1_50' title='bbox 516 616 661 671; x_wconf 74' lang='lat' dir='ltr'><strong>mortalium</strong></span> <span class='ocrx_word' id='word_1_51' title='bbox 680 619 756 672; x_wconf 87' lang='lat' dir='ltr'><strong>armis</strong></span> <span class='ocrx_word' id='word_1_52' title='bbox 777 621 822 674; x_wconf 85' lang='lat' dir='ltr'><strong>aut</strong></span> 
     </span>
     <span class='ocr_line' id='line_1_9' title="bbox 14 689 822 779; baseline 0.009 -37"><span class='ocrx_word' id='word_1_53' title='bbox 14 689 62 744; x_wconf 89' lang='lat' dir='ltr'><strong>fide</strong></span> <span class='ocrx_word' id='word_1_54' title='bbox 75 695 145 744; x_wconf 89' lang='lat' dir='ltr'><strong>ante</strong></span> <span class='ocrx_word' id='word_1_55' title='bbox 159 689 302 744; x_wconf 87' lang='lat' dir='ltr'><strong>Germanos</strong></span> <span class='ocrx_word' id='word_1_56' title='bbox 314 709 369 746; x_wconf 82' lang='lat' dir='ltr'><strong>esse</strong></span> <span class='ocrx_word' id='word_1_57' title='bbox 382 691 531 757; x_wconf 85' lang='lat' dir='ltr'><strong>exclamant,</strong></span> <span class='ocrx_word' id='word_1_58' title='bbox 511 691 783 779; x_wconf 76' lang='lat' dir='ltr'><strong>tdegrediunturque</strong></span> <span class='ocrx_word' id='word_1_59' title='bbox 795 697 822 749; x_wconf 89' lang='lat' dir='ltr'><strong>et</strong></span> 
     </span>
     <span class='ocr_line' id='line_1_10' title="bbox 15 764 847 836; baseline 0.007 -18"><span class='ocrx_word' id='word_1_60' title='bbox 15 765 82 820; x_wconf 91' lang='lat' dir='ltr'><strong>inter</strong></span> <span class='ocrx_word' id='word_1_61' title='bbox 108 769 204 836; x_wconf 86' lang='lat' dir='ltr'><strong>patres</strong></span> <span class='ocrx_word' id='word_1_62' title='bbox 228 764 370 820; x_wconf 88' lang='lat' dir='ltr'><strong>considunt.</strong></span> <span class='ocrx_word' id='word_1_63' title='bbox 419 767 496 826; x_wconf 76' lang='lat' dir='ltr'><strong>Quod</strong></span> <span class='ocrx_word' id='word_1_64' title='bbox 520 769 625 822; x_wconf 88' lang='lat' dir='ltr'><strong>comiter</strong></span> <span class='ocrx_word' id='word_1_65' title='bbox 646 787 662 822; x_wconf 91' lang='lat' dir='ltr'><strong>a</strong></span> <span class='ocrx_word' id='word_1_66' title='bbox 681 769 847 824; x_wconf 83' lang='lat' dir='ltr'><strong>visentibus6</strong></span> 
     </span>
     <span class='ocr_line' id='line_1_11' title="bbox 16 840 821 913; baseline 0.002 -17"><span class='ocrx_word' id='word_1_67' title='bbox 16 845 171 912; x_wconf 80' lang='lat' dir='ltr'><strong>exceptum,</strong></span> <span class='ocrx_word' id='word_1_68' title='bbox 191 841 265 910; x_wconf 86' lang='lat' dir='ltr'><strong>quasi</strong></span> <span class='ocrx_word' id='word_1_69' title='bbox 281 840 392 911; x_wconf 86' lang='lat' dir='ltr'><strong>impetus</strong></span> <span class='ocrx_word' id='word_1_70' title='bbox 410 843 508 913; x_wconf 82' lang='lat' dir='ltr'><strong>antiqui</strong></span> <span class='ocrx_word' id='word_1_71' title='bbox 526 847 553 898; x_wconf 89' lang='lat' dir='ltr'><strong>et</strong></span> <span class='ocrx_word' id='word_1_72' title='bbox 570 844 637 898; x_wconf 84' lang='lat' dir='ltr'><strong>bona</strong></span> <span class='ocrx_word' id='word_1_73' title='bbox 654 845 763 900; x_wconf 75' lang='lat' dir='ltr'><strong>emulat&#39;</strong></span> <span class='ocrx_word' id='word_1_74' title='bbox 744 849 821 899; x_wconf 81' lang='lat' dir='ltr'><strong>trena</strong></span> 
     </span>
     <span class='ocr_line' id='line_1_12' title="bbox 17 916 823 984; baseline 0.007 -14"><span class='ocrx_word' id='word_1_75' title='bbox 17 917 89 972; x_wconf 88' lang='lat' dir='ltr'><strong>Nero</strong></span> <span class='ocrx_word' id='word_1_76' title='bbox 103 917 201 972; x_wconf 85' lang='lat' dir='ltr'><strong>civitat</strong></span> <span class='ocrx_word' id='word_1_77' title='bbox 202 935 218 970; x_wconf 91' lang='lat' dir='ltr'><strong>e</strong></span> <span class='ocrx_word' id='word_1_78' title='bbox 189 916 346 971; x_wconf 79' lang='lat' dir='ltr'><strong>tllomana</strong></span> <span class='ocrx_word' id='word_1_79' title='bbox 361 917 447 972; x_wconf 88' lang='lat' dir='ltr'><strong>ambos</strong></span> <span class='ocrx_word' id='word_1_80' title='bbox 465 918 576 984; x_wconf 84' lang='lat' dir='ltr'><strong>donavit,</strong></span> <span class='ocrx_word' id='word_1_81' title='bbox 595 919 689 974; x_wconf 75' lang='lat' dir='ltr'><strong>Frisios</strong></span> <span class='ocrx_word' id='word_1_82' title='bbox 702 919 823 976; x_wconf 86' lang='lat' dir='ltr'><strong>decedere</strong></span> 
     </span>
     <span class='ocr_line' id='line_1_13' title="bbox 17 992 846 1066; baseline 0.002 -18"><span class='ocrx_word' id='word_1_83' title='bbox 17 994 85 1064; x_wconf 86' lang='lat' dir='ltr'><strong>agris</strong></span> <span class='ocrx_word' id='word_1_84' title='bbox 95 992 193 1066; x_wconf 85' lang='lat' dir='ltr'><strong>jussit.</strong></span> <span class='ocrx_word' id='word_1_85' title='bbox 230 993 317 1062; x_wconf 74' lang='lat' dir='ltr'><strong>Atque</strong></span> <span class='ocrx_word' id='word_1_86' title='bbox 329 993 378 1046; x_wconf 89' lang='lat' dir='ltr'><strong>illis</strong></span> <span class='ocrx_word' id='word_1_87' title='bbox 392 994 585 1064; x_wconf 77' lang='lat' dir='ltr'><strong>aspernantibus</strong></span> <span class='ocrx_word' id='word_1_88' title='bbox 602 995 730 1050; x_wconf 81' lang='lat' dir='ltr'><strong>auxiliaris</strong></span> <span class='ocrx_word' id='word_1_89' title='bbox 745 1007 846 1066; x_wconf 70' lang='lat' dir='ltr'><strong>eques?</strong></span> 
     </span>
     <span class='ocr_line' id='line_1_14' title="bbox 17 1067 823 1142; baseline 0.006 -20"><span class='ocrx_word' id='word_1_90' title='bbox 17 1074 127 1140; x_wconf 88' lang='lat' dir='ltr'><strong>repente</strong></span> <span class='ocrx_word' id='word_1_91' title='bbox 147 1067 279 1122; x_wconf 85' lang='lat' dir='ltr'><strong>immissus</strong></span> <span class='ocrx_word' id='word_1_92' title='bbox 296 1070 477 1124; x_wconf 87' lang='lat' dir='ltr'><strong>necessitatem</strong></span> <span class='ocrx_word' id='word_1_93' title='bbox 495 1070 591 1136; x_wconf 86' lang='lat' dir='ltr'><strong>attulit,</strong></span> <span class='ocrx_word' id='word_1_94' title='bbox 616 1071 697 1142; x_wconf 84' lang='lat' dir='ltr'><strong>captis</strong></span> <span class='ocrx_word' id='word_1_95' title='bbox 720 1071 823 1127; x_wconf 81' lang='lat' dir='ltr'><strong>oaesisve</strong></span> 
     </span>
     <span class='ocr_line' id='line_1_15' title="bbox 18 1144 410 1215; baseline 0.005 -17"><span class='ocrx_word' id='word_1_96' title='bbox 18 1148 62 1214; x_wconf 90' lang='lat' dir='ltr'><strong>qui</strong></span> <span class='ocrx_word' id='word_1_97' title='bbox 75 1144 242 1215; x_wconf 77' lang='lat' dir='ltr'><strong>pervicacius</strong></span> <span class='ocrx_word' id='word_1_98' title='bbox 255 1145 410 1200; x_wconf 84' lang='lat' dir='ltr'><strong>restiterant.</strong></span> 
     </span>
    </p>

    <p class='ocr_par' dir='ltr' id='par_1_4' title="bbox 19 1219 874 2734">
     <span class='ocr_line' id='line_1_16' title="bbox 51 1219 870 1294; baseline 0.002 -19"><span class='ocrx_word' id='word_1_99' title='bbox 51 1219 174 1275; x_wconf 81' lang='lat' dir='ltr'><strong>Eosdem</strong></span> <span class='ocrx_word' id='word_1_100' title='bbox 192 1237 268 1290; x_wconf 87' lang='lat' dir='ltr'><strong>agros</strong></span> <span class='ocrx_word' id='word_1_101' title='bbox 285 1221 439 1291; x_wconf 87' lang='lat' dir='ltr'><strong>Ampsivarii</strong></span> <span class='ocrx_word' id='word_1_102' title='bbox 456 1239 618 1292; x_wconf 84' lang='lat' dir='ltr'><strong>occupavere,</strong></span> <span class='ocrx_word' id='word_1_103' title='bbox 637 1221 743 1277; x_wconf 85' lang='lat' dir='ltr'><strong>validior</strong></span> <span class='ocrx_word' id='word_1_104' title='bbox 760 1241 822 1294; x_wconf 87' lang='lat' dir='ltr'><strong>gens</strong></span> <span class='ocrx_word' id='word_1_105' title='bbox 832 1231 870 1283; x_wconf 94' lang='lat'><strong>55</strong></span> 
     </span>
     <span class='ocr_line' id='line_1_17' title="bbox 19 1295 823 1369; baseline 0.007 -21"><span class='ocrx_word' id='word_1_106' title='bbox 19 1314 70 1350; x_wconf 90' lang='lat' dir='ltr'><strong>nou</strong></span> <span class='ocrx_word' id='word_1_107' title='bbox 82 1295 167 1350; x_wconf 90' lang='lat' dir='ltr'><strong>modo</strong></span> <span class='ocrx_word' id='word_1_108' title='bbox 180 1313 228 1349; x_wconf 83' lang='lat' dir='ltr'><strong>aua</strong></span> <span class='ocrx_word' id='word_1_109' title='bbox 244 1296 323 1365; x_wconf 91' lang='lat' dir='ltr'><strong>eopia,</strong></span> <span class='ocrx_word' id='word_1_110' title='bbox 343 1296 388 1350; x_wconf 91' lang='lat' dir='ltr'><strong>sed</strong></span> <span class='ocrx_word' id='word_1_111' title='bbox 404 1296 573 1369; x_wconf 85' lang='lat' dir='ltr'><strong>adjacentium</strong></span> <span class='ocrx_word' id='word_1_112' title='bbox 585 1297 736 1368; x_wconf 90' lang='lat' dir='ltr'><strong>populorum</strong></span> <span class='ocrx_word' id='word_1_113' title='bbox 750 1299 823 1354; x_wconf 79' lang='lat' dir='ltr'><strong>mise</strong></span> 
     </span>
     <span class='ocr_line' id='line_1_18' title="bbox 20 1371 824 1443; baseline 0.005 -18"><span class='ocrx_word' id='word_1_114' title='bbox 20 1374 131 1437; x_wconf 87' lang='lat' dir='ltr'><strong>ratione,</strong></span> <span class='ocrx_word' id='word_1_115' title='bbox 146 1372 210 1442; x_wconf 88' lang='lat' dir='ltr'><strong>quia</strong></span> <span class='ocrx_word' id='word_1_116' title='bbox 220 1371 289 1440; x_wconf 84' lang='lat' dir='ltr'><strong>pulsi</strong></span> <span class='ocrx_word' id='word_1_117' title='bbox 300 1390 315 1425; x_wconf 89' lang='lat' dir='ltr'><strong>a</strong></span> <span class='ocrx_word' id='word_1_118' title='bbox 327 1371 436 1427; x_wconf 87' lang='lat' dir='ltr'><strong>Chaucis</strong></span> <span class='ocrx_word' id='word_1_119' title='bbox 449 1378 476 1428; x_wconf 91' lang='lat' dir='ltr'><strong>et</strong></span> <span class='ocrx_word' id='word_1_120' title='bbox 494 1373 562 1428; x_wconf 90' lang='lat' dir='ltr'><strong>sedis</strong></span> <span class='ocrx_word' id='word_1_121' title='bbox 574 1373 662 1443; x_wconf 82' lang='lat' dir='ltr'><strong>inopen</strong></span> <span class='ocrx_word' id='word_1_122' title='bbox 675 1377 760 1429; x_wconf 90' lang='lat' dir='ltr'><strong>tutum</strong></span> <span class='ocrx_word' id='word_1_123' title='bbox 773 1375 824 1429; x_wconf 83' lang='lat' dir='ltr'><strong>exi·</strong></span> 
     </span>
     <span class='ocr_line' id='line_1_19' title="bbox 21 1447 848 1521; baseline 0.007 -20"><span class='ocrx_word' id='word_1_124' title='bbox 21 1447 82 1502; x_wconf 91' lang='lat' dir='ltr'><strong>lium</strong></span> <span class='ocrx_word' id='word_1_125' title='bbox 95 1447 218 1503; x_wconf 88' lang='lat' dir='ltr'><strong>orabant.</strong></span> <span class='ocrx_word' id='word_1_126' title='bbox 254 1447 401 1518; x_wconf 83' lang='lat' dir='ltr'><strong>Aderatque</strong></span> <span class='ocrx_word' id='word_1_127' title='bbox 413 1448 445 1504; x_wconf 85' lang='lat' dir='ltr'><strong>iis</strong></span> <span class='ocrx_word' id='word_1_128' title='bbox 457 1449 539 1503; x_wconf 89' lang='lat' dir='ltr'><strong>clarus</strong></span> <span class='ocrx_word' id='word_1_129' title='bbox 555 1467 600 1520; x_wconf 88' lang='lat' dir='ltr'><strong>per</strong></span> <span class='ocrx_word' id='word_1_130' title='bbox 616 1447 672 1504; x_wconf 89' lang='lat' dir='ltr'><strong>illas</strong></span> <span class='ocrx_word' id='word_1_131' title='bbox 690 1456 780 1521; x_wconf 86' lang='lat' dir='ltr'><strong>gentes</strong></span> <span class='ocrx_word' id='word_1_132' title='bbox 797 1455 848 1508; x_wconf 69' lang='lat' dir='ltr'><strong>eta</strong></span> 
     </span>
     <span class='ocr_line' id='line_1_20' title="bbox 21 1523 824 1595; baseline 0.005 -18"><span class='ocrx_word' id='word_1_133' title='bbox 21 1524 96 1579; x_wconf 84' lang='lat' dir='ltr'><strong>nobis</strong></span> <span class='ocrx_word' id='word_1_134' title='bbox 109 1541 217 1595; x_wconf 87' lang='lat' dir='ltr'><strong>qnoque</strong></span> <span class='ocrx_word' id='word_1_135' title='bbox 234 1523 309 1588; x_wconf 82' lang='lat' dir='ltr'><strong>fidus,</strong></span> <span class='ocrx_word' id='word_1_136' title='bbox 327 1524 428 1579; x_wconf 86' lang='lat' dir='ltr'><strong>nomine</strong></span> <span class='ocrx_word' id='word_1_137' title='bbox 447 1525 598 1590; x_wconf 86' lang='lat' dir='ltr'><strong>Boiocalus;</strong></span> <span class='ocrx_word' id='word_1_138' title='bbox 617 1526 731 1580; x_wconf 83' lang='lat' dir='ltr'><strong>vinctum</strong></span> <span class='ocrx_word' id='word_1_139' title='bbox 743 1545 771 1580; x_wconf 89' lang='lat' dir='ltr'><strong>se</strong></span> <span class='ocrx_word' id='word_1_140' title='bbox 786 1545 824 1582; x_wconf 89' lang='lat' dir='ltr'><strong>re·</strong></span> 
     </span>
     <span class='ocr_line' id='line_1_21' title="bbox 21 1599 823 1670; baseline 0.002 -16"><span class='ocrx_word' id='word_1_141' title='bbox 21 1599 133 1656; x_wconf 89' lang='lat' dir='ltr'><strong>bellione</strong></span> <span class='ocrx_word' id='word_1_142' title='bbox 149 1599 281 1654; x_wconf 79' lang='lat' dir='ltr'><strong>Cherusca</strong></span> <span class='ocrx_word' id='word_1_143' title='bbox 290 1599 365 1670; x_wconf 88' lang='lat' dir='ltr'><strong>jussu</strong></span> <span class='ocrx_word' id='word_1_144' title='bbox 380 1601 491 1655; x_wconf 84' lang='lat' dir='ltr'><strong>Arminii</strong></span> <span class='ocrx_word' id='word_1_145' title='bbox 509 1601 630 1665; x_wconf 81' lang='lat' dir='ltr'><strong>referens,</strong></span> <span class='ocrx_word' id='word_1_146' title='bbox 643 1619 701 1654; x_wconf 83' lang='lat' dir='ltr'><strong>mor</strong></span> <span class='ocrx_word' id='word_1_147' title='bbox 714 1601 823 1666; x_wconf 81' lang='lat' dir='ltr'><strong>Tiberio,</strong></span> 
     </span>
     <span class='ocr_line' id='line_1_22' title="bbox 23 1674 825 1747; baseline 0 -17"><span class='ocrx_word' id='word_1_148' title='bbox 23 1676 182 1730; x_wconf 82' lang='lat' dir='ltr'><strong>Germanico</strong></span> <span class='ocrx_word' id='word_1_149' title='bbox 195 1674 301 1729; x_wconf 88' lang='lat' dir='ltr'><strong>ducibus</strong></span> <span class='ocrx_word' id='word_1_150' title='bbox 314 1675 441 1746; x_wconf 87' lang='lat' dir='ltr'><strong>stipendia</strong></span> <span class='ocrx_word' id='word_1_151' title='bbox 457 1676 587 1740; x_wconf 82' lang='lat' dir='ltr'><strong>meurisse,</strong></span> <span class='ocrx_word' id='word_1_152' title='bbox 600 1680 627 1730; x_wconf 90' lang='lat' dir='ltr'><strong>et</strong></span> <span class='ocrx_word' id='word_1_153' title='bbox 640 1677 825 1747; x_wconf 84' lang='lat' dir='ltr'><strong>quinquaginta</strong></span> 
     </span>
     <span class='ocr_line' id='line_1_23' title="bbox 23 1750 824 1823; baseline 0 -17"><span class='ocrx_word' id='word_1_154' title='bbox 23 1770 152 1806; x_wconf 86' lang='lat' dir='ltr'><strong>annornm</strong></span> <span class='ocrx_word' id='word_1_155' title='bbox 169 1750 292 1821; x_wconf 87' lang='lat' dir='ltr'><strong>obsequio</strong></span> <span class='ocrx_word' id='word_1_156' title='bbox 310 1751 337 1806; x_wconf 89' lang='lat' dir='ltr'><strong>id</strong></span> <span class='ocrx_word' id='word_1_157' title='bbox 354 1770 455 1822; x_wconf 88' lang='lat' dir='ltr'><strong>quoque</strong></span> <span class='ocrx_word' id='word_1_158' title='bbox 473 1753 618 1823; x_wconf 87' lang='lat' dir='ltr'><strong>adjungere,</strong></span> <span class='ocrx_word' id='word_1_159' title='bbox 638 1751 705 1821; x_wconf 88' lang='lat' dir='ltr'><strong>quod</strong></span> <span class='ocrx_word' id='word_1_160' title='bbox 722 1757 824 1823; x_wconf 86' lang='lat' dir='ltr'><strong>gentem</strong></span> 
     </span>
     <span class='ocr_line' id='line_1_24' title="bbox 22 1825 849 1898; baseline 0.005 -18"><span class='ocrx_word' id='word_1_161' title='bbox 22 1846 95 1882; x_wconf 89' lang='lat' dir='ltr'><strong>suam</strong></span> <span class='ocrx_word' id='word_1_162' title='bbox 108 1825 206 1881; x_wconf 89' lang='lat' dir='ltr'><strong>ditioni</strong></span> <span class='ocrx_word' id='word_1_163' title='bbox 216 1830 311 1882; x_wconf 81' lang='lat' dir='ltr'><strong>nostroe</strong></span> <span class='ocrx_word' id='word_1_164' title='bbox 324 1827 470 1898; x_wconf 87' lang='lat' dir='ltr'><strong>subjiceret.</strong></span> <span class='ocrx_word' id='word_1_165' title='bbox 508 1829 618 1892; x_wconf 84' lang='lat' dir='ltr'><strong>Quotam</strong></span> <span class='ocrx_word' id='word_1_166' title='bbox 631 1832 731 1897; x_wconf 87' lang='lat' dir='ltr'><strong>partem</strong></span> <span class='ocrx_word' id='word_1_167' title='bbox 743 1828 849 1898; x_wconf 79' lang='lat' dir='ltr'><strong>campie</strong></span> 
     </span>
     <span class='ocr_line' id='line_1_25' title="bbox 19 1902 824 1972; baseline -0.002 -14"><span class='ocrx_word' id='word_1_168' title='bbox 19 1903 114 1972; x_wconf 86' lang='lat' dir='ltr'><strong>jaeere,</strong></span> <span class='ocrx_word' id='word_1_169' title='bbox 135 1902 165 1956; x_wconf 91' lang='lat' dir='ltr'><strong>in</strong></span> <span class='ocrx_word' id='word_1_170' title='bbox 183 1920 260 1971; x_wconf 87' lang='lat' dir='ltr'><strong>quam</strong></span> <span class='ocrx_word' id='word_1_171' title='bbox 276 1920 368 1972; x_wconf 86' lang='lat' dir='ltr'><strong>pecora</strong></span> <span class='ocrx_word' id='word_1_172' title='bbox 385 1908 412 1958; x_wconf 86' lang='lat' dir='ltr'><strong>et</strong></span> <span class='ocrx_word' id='word_1_173' title='bbox 431 1908 546 1958; x_wconf 86' lang='lat' dir='ltr'><strong>armenta</strong></span> <span class='ocrx_word' id='word_1_174' title='bbox 562 1903 673 1958; x_wconf 91' lang='lat' dir='ltr'><strong>militum</strong></span> <span class='ocrx_word' id='word_1_175' title='bbox 691 1903 824 1972; x_wconf 89' lang='lat' dir='ltr'><strong>aliquando</strong></span> 
     </span>
     <span class='ocr_line' id='line_1_26' title="bbox 22 1978 849 2050; baseline 0.001 -18"><span class='ocrx_word' id='word_1_176' title='bbox 22 1978 287 2034; x_wconf 77' lang='lat' dir='ltr'><strong>transmitterentur?</strong></span> <span class='ocrx_word' id='word_1_177' title='bbox 318 1979 455 2034; x_wconf 79' lang='lat' dir='ltr'><strong>Servarent</strong></span> <span class='ocrx_word' id='word_1_178' title='bbox 479 1998 539 2034; x_wconf 88' lang='lat' dir='ltr'><strong>sane</strong></span> <span class='ocrx_word' id='word_1_179' title='bbox 563 1982 679 2049; x_wconf 85' lang='lat' dir='ltr'><strong>receptes</strong></span> <span class='ocrx_word' id='word_1_180' title='bbox 703 1978 849 2050; x_wconf 74' lang='lat' dir='ltr'><strong>gregibusa</strong></span> 
     </span>
     <span class='ocr_line' id='line_1_27' title="bbox 21 2053 824 2110; baseline 0.001 -2"><span class='ocrx_word' id='word_1_181' title='bbox 21 2055 91 2110; x_wconf 91' lang='lat' dir='ltr'><strong>inter</strong></span> <span class='ocrx_word' id='word_1_182' title='bbox 102 2054 239 2109; x_wconf 90' lang='lat' dir='ltr'><strong>hominum</strong></span> <span class='ocrx_word' id='word_1_183' title='bbox 251 2053 361 2108; x_wconf 83' lang='lat' dir='ltr'><strong>famam:</strong></span> <span class='ocrx_word' id='word_1_184' title='bbox 379 2055 455 2109; x_wconf 86' lang='lat' dir='ltr'><strong>modo</strong></span> <span class='ocrx_word' id='word_1_185' title='bbox 467 2073 499 2108; x_wconf 90' lang='lat' dir='ltr'><strong>ne</strong></span> <span class='ocrx_word' id='word_1_186' title='bbox 511 2054 658 2109; x_wconf 86' lang='lat' dir='ltr'><strong>vastitatem</strong></span> <span class='ocrx_word' id='word_1_187' title='bbox 671 2060 697 2109; x_wconf 89' lang='lat' dir='ltr'><strong>et</strong></span> <span class='ocrx_word' id='word_1_188' title='bbox 709 2055 824 2110; x_wconf 89' lang='lat' dir='ltr'><strong>solitudi-</strong></span> 
     </span>
     <span class='ocr_line' id='line_1_28' title="bbox 22 2129 849 2200; baseline -0.001 -15"><span class='ocrx_word' id='word_1_189' title='bbox 22 2149 82 2185; x_wconf 90' lang='lat' dir='ltr'><strong>nem</strong></span> <span class='ocrx_word' id='word_1_190' title='bbox 94 2129 203 2185; x_wconf 89' lang='lat' dir='ltr'><strong>mallent</strong></span> <span class='ocrx_word' id='word_1_191' title='bbox 215 2148 292 2200; x_wconf 90' lang='lat' dir='ltr'><strong>quam</strong></span> <span class='ocrx_word' id='word_1_192' title='bbox 303 2130 397 2185; x_wconf 87' lang='lat' dir='ltr'><strong>amieos</strong></span> <span class='ocrx_word' id='word_1_193' title='bbox 413 2131 528 2200; x_wconf 87' lang='lat' dir='ltr'><strong>populos.</strong></span> <span class='ocrx_word' id='word_1_194' title='bbox 548 2130 734 2185; x_wconf 82' lang='lat' dir='ltr'><strong>Chamavorum</strong></span> <span class='ocrx_word' id='word_1_195' title='bbox 746 2149 849 2200; x_wconf 78' lang='lat' dir='ltr'><strong>quon-5</strong></span> 
     </span>
     <span class='ocr_line' id='line_1_29' title="bbox 23 2205 826 2277; baseline 0.002 -17"><span class='ocrx_word' id='word_1_196' title='bbox 23 2206 82 2260; x_wconf 90' lang='lat' dir='ltr'><strong>darn</strong></span> <span class='ocrx_word' id='word_1_197' title='bbox 101 2224 136 2262; x_wconf 86' lang='lat' dir='ltr'><strong>ea</strong></span> <span class='ocrx_word' id='word_1_198' title='bbox 151 2223 219 2272; x_wconf 82' lang='lat' dir='ltr'><strong>arra,</strong></span> <span class='ocrx_word' id='word_1_199' title='bbox 238 2224 299 2260; x_wconf 82' lang='lat' dir='ltr'><strong>mox</strong></span> <span class='ocrx_word' id='word_1_200' title='bbox 309 2205 456 2261; x_wconf 86' lang='lat' dir='ltr'><strong>Tubantum</strong></span> <span class='ocrx_word' id='word_1_201' title='bbox 468 2210 494 2261; x_wconf 92' lang='lat' dir='ltr'><strong>et</strong></span> <span class='ocrx_word' id='word_1_202' title='bbox 506 2209 565 2275; x_wconf 88' lang='lat' dir='ltr'><strong>post</strong></span> <span class='ocrx_word' id='word_1_203' title='bbox 577 2205 727 2277; x_wconf 89' lang='lat' dir='ltr'><strong>Usipiorum</strong></span> <span class='ocrx_word' id='word_1_204' title='bbox 738 2207 826 2262; x_wconf 86' lang='lat' dir='ltr'><strong>luisse.</strong></span> 
     </span>
     <span class='ocr_line' id='line_1_30' title="bbox 24 2281 825 2352; baseline 0.001 -16"><span class='ocrx_word' id='word_1_205' title='bbox 24 2281 109 2338; x_wconf 83' lang='lat' dir='ltr'><strong>Sicuti</strong></span> <span class='ocrx_word' id='word_1_206' title='bbox 128 2282 219 2338; x_wconf 73' lang='lat' dir='ltr'><strong>celum</strong></span> <span class='ocrx_word' id='word_1_207' title='bbox 237 2282 300 2347; x_wconf 80' lang='lat' dir='ltr'><strong>deis,</strong></span> <span class='ocrx_word' id='word_1_208' title='bbox 318 2282 357 2338; x_wconf 90' lang='lat' dir='ltr'><strong>ita</strong></span> <span class='ocrx_word' id='word_1_209' title='bbox 373 2285 456 2337; x_wconf 83' lang='lat' dir='ltr'><strong>terres</strong></span> <span class='ocrx_word' id='word_1_210' title='bbox 472 2282 560 2352; x_wconf 86' lang='lat' dir='ltr'><strong>generi</strong></span> <span class='ocrx_word' id='word_1_211' title='bbox 575 2282 719 2337; x_wconf 88' lang='lat' dir='ltr'><strong>mortalium</strong></span> <span class='ocrx_word' id='word_1_212' title='bbox 737 2282 825 2349; x_wconf 82' lang='lat' dir='ltr'><strong>datas3</strong></span> 
     </span>
     <span class='ocr_line' id='line_1_31' title="bbox 24 2359 850 2431; baseline -0.001 -15"><span class='ocrx_word' id='word_1_213' title='bbox 24 2378 136 2431; x_wconf 83' lang='lat' dir='ltr'><strong>quaeque</strong></span> <span class='ocrx_word' id='word_1_214' title='bbox 147 2377 243 2428; x_wconf 85' lang='lat' dir='ltr'><strong>vacuae,</strong></span> <span class='ocrx_word' id='word_1_215' title='bbox 256 2377 299 2414; x_wconf 89' lang='lat' dir='ltr'><strong>eas</strong></span> <span class='ocrx_word' id='word_1_216' title='bbox 316 2359 429 2430; x_wconf 86' lang='lat' dir='ltr'><strong>publicas</strong></span> <span class='ocrx_word' id='word_1_217' title='bbox 441 2377 505 2415; x_wconf 90' lang='lat' dir='ltr'><strong>esse.</strong></span> <span class='ocrx_word' id='word_1_218' title='bbox 542 2359 626 2415; x_wconf 88' lang='lat' dir='ltr'><strong>Solem</strong></span> <span class='ocrx_word' id='word_1_219' title='bbox 638 2359 728 2415; x_wconf 87' lang='lat' dir='ltr'><strong>deiude</strong></span> <span class='ocrx_word' id='word_1_220' title='bbox 745 2360 850 2431; x_wconf 79' lang='lat' dir='ltr'><strong>auspi-6</strong></span> 
     </span>
     <span class='ocr_line' id='line_1_32' title="bbox 24 2435 825 2509; baseline 0.001 -19"><span class='ocrx_word' id='word_1_221' title='bbox 24 2437 94 2490; x_wconf 85' lang='lat' dir='ltr'><strong>ciens</strong></span> <span class='ocrx_word' id='word_1_222' title='bbox 108 2437 137 2490; x_wconf 90' lang='lat' dir='ltr'><strong>et</strong></span> <span class='ocrx_word' id='word_1_223' title='bbox 149 2435 332 2509; x_wconf 27' lang='lat' dir='ltr'><strong>cetera-sidera</strong></span> <span class='ocrx_word' id='word_1_224' title='bbox 344 2453 445 2500; x_wconf 82' lang='lat' dir='ltr'><strong>vocans,</strong></span> <span class='ocrx_word' id='word_1_225' title='bbox 459 2435 532 2506; x_wconf 90' lang='lat' dir='ltr'><strong>quasi</strong></span> <span class='ocrx_word' id='word_1_226' title='bbox 543 2452 627 2490; x_wconf 88' lang='lat' dir='ltr'><strong>coram</strong></span> <span class='ocrx_word' id='word_1_227' title='bbox 643 2435 825 2507; x_wconf 88' lang='lat' dir='ltr'><strong>interrogabat,</strong></span> 
     </span>
     <span class='ocr_line' id='line_1_33' title="bbox 24 2510 827 2582; baseline 0 -16"><span class='ocrx_word' id='word_1_228' title='bbox 24 2511 156 2566; x_wconf 86' lang='lat' dir='ltr'><strong>vellentne</strong></span> <span class='ocrx_word' id='word_1_229' title='bbox 174 2511 291 2566; x_wconf 88' lang='lat' dir='ltr'><strong>contueri</strong></span> <span class='ocrx_word' id='word_1_230' title='bbox 305 2511 380 2566; x_wconf 88' lang='lat' dir='ltr'><strong>inane</strong></span> <span class='ocrx_word' id='word_1_231' title='bbox 396 2510 495 2566; x_wconf 85' lang='lat' dir='ltr'><strong>solum:</strong></span> <span class='ocrx_word' id='word_1_232' title='bbox 514 2512 601 2582; x_wconf 90' lang='lat' dir='ltr'><strong>potius</strong></span> <span class='ocrx_word' id='word_1_233' title='bbox 612 2530 682 2566; x_wconf 89' lang='lat' dir='ltr'><strong>mare</strong></span> <span class='ocrx_word' id='word_1_234' title='bbox 694 2513 827 2582; x_wconf 88' lang='lat' dir='ltr'><strong>superlun-</strong></span> 
     </span>
     <span class='ocr_line' id='line_1_34' title="bbox 26 2585 874 2657; baseline -0.002 -15"><span class='ocrx_word' id='word_1_235' title='bbox 26 2587 118 2642; x_wconf 87' lang='lat' dir='ltr'><strong>derent</strong></span> <span class='ocrx_word' id='word_1_236' title='bbox 130 2585 254 2642; x_wconf 84' lang='lat' dir='ltr'><strong>adversus</strong></span> <span class='ocrx_word' id='word_1_237' title='bbox 267 2590 392 2640; x_wconf 88' lang='lat' dir='ltr'><strong>terrarum</strong></span> <span class='ocrx_word' id='word_1_238' title='bbox 407 2589 546 2657; x_wconf 87' lang='lat' dir='ltr'><strong>ereptores.</strong></span> <span class='ocrx_word' id='word_1_239' title='bbox 581 2587 618 2641; x_wconf 81' lang='lat' dir='ltr'><strong>Et</strong></span> <span class='ocrx_word' id='word_1_240' title='bbox 630 2591 770 2641; x_wconf 86' lang='lat' dir='ltr'><strong>commotus</strong></span> <span class='ocrx_word' id='word_1_241' title='bbox 787 2587 827 2640; x_wconf 83' lang='lat' dir='ltr'><strong>his</strong></span> <span class='ocrx_word' id='word_1_242' title='bbox 836 2592 874 2646; x_wconf 85' lang='lat'><strong>56</strong></span> 
     </span>
     <span class='ocr_line' id='line_1_35' title="bbox 26 2659 826 2734; baseline -0.003 -16"><span class='ocrx_word' id='word_1_243' title='bbox 26 2665 130 2731; x_wconf 83' lang='lat' dir='ltr'><strong>Avitus,</strong></span> <span class='ocrx_word' id='word_1_244' title='bbox 143 2661 272 2733; x_wconf 66' lang='lat' dir='ltr'><strong>Patiengla</strong></span> <span class='ocrx_word' id='word_1_245' title='bbox 283 2661 416 2718; x_wconf 89' lang='lat' dir='ltr'><strong>meliorum</strong></span> <span class='ocrx_word' id='word_1_246' title='bbox 428 2661 549 2734; x_wconf 85' lang='lat' dir='ltr'><strong>imperia:</strong></span> <span class='ocrx_word' id='word_1_247' title='bbox 567 2661 596 2716; x_wconf 90' lang='lat' dir='ltr'><strong>id</strong></span> <span class='ocrx_word' id='word_1_248' title='bbox 606 2659 646 2718; x_wconf 84' lang='lat' dir='ltr'><strong>dis</strong></span> <span class='ocrx_word' id='word_1_249' title='bbox 663 2679 727 2733; x_wconf 85' lang='lat' dir='ltr'><strong>qnos</strong></span> <span class='ocrx_word' id='word_1_250' title='bbox 738 2661 826 2732; x_wconf 86' lang='lat' dir='ltr'><strong>imple-</strong></span> 
     </span>
    </p>
   </div>
   <div class='ocr_carea' id='block_1_3' title="bbox 0 0 1037 3000">
    <p class='ocr_par' dir='ltr' id='par_1_5' title="bbox 0 0 1037 3000">
     <span class='ocr_line' id='line_1_36' title="bbox 0 0 1037 3000; baseline 0 0"><span class='ocrx_word' id='word_1_251' title='bbox 0 0 1037 3000; x_wconf 95' lang='lat' dir='ltr'><strong> </strong></span> 
     </span>
    </p>
   </div>
  </div>
 </body>
</html>
