1960 2952
36 159 98 198 m.
108 158 154 208 u]
266 97 462 148 ANNALIUM
480 99 502 148 1.
515 101 620 148 49-58.
810 103 839 151 81

36 209 218 272 semisomnos,
230 207 350 274 inermoe,
364 213 410 264 sut
421 209 539 279 pslsntes
551 208 703 266 ssddmsnt
739 210 866 266 muers

38 302 70 338 ea
82 283 169 339 mdes
180 283 328 350 Bructeros,
341 284 480 350 Tubantes,
493 285 617 356 Usipetes
624 307 633 352 ;
651 285 782 358 saltusque
797 305 844 358 per

37 379 104 431 quos
117 359 245 415 exercitui
256 379 396 432 regressus,
406 361 531 416 insedere.
568 361 647 420 Quod
655 379 762 431 pusmm
775 363 842 428 duoi,

35 437 199 506 incessitque
219 437 306 492 itineri
324 441 351 492 et
372 437 468 508 proelio.
504 437 569 492 Psrs
590 438 706 508 equitum
726 443 753 494 et
773 439 865 497 suxi-t

36 511 119 567 liariae
141 513 261 568 eohortes
281 512 417 579 duoebaut,
434 531 495 568 mox
512 513 596 584 prims
615 513 690 585 legio,
707 517 735 568 st
753 514 843 570 mediis

36 587 230 658 impedimentis
249 589 381 644 sinistrum
401 591 470 644 latus
488 590 706 654 unetvioesimsni,
724 589 844 646 dextrum

37 664 161 734 quintani
177 664 292 720 sumere
301 687 309 731 3
327 665 449 720 vioesima
465 665 532 737 legio
550 671 624 737 terga
639 666 749 720 firmavit
758 688 766 732 ;
784 669 843 736 post

38 741 122 796 ceteri
141 741 277 796 sociorum.
314 740 364 795 Sed
379 741 475 806 hostes,
495 741 575 797 donee
591 759 683 812 agmen
700 759 745 812 per
763 741 866 798 sultusd

38 891 865 954 ,n

38 973 139 1038 turque
151 968 236 1023 densis
250 969 434 1024 Germanorum
445 969 554 1024 ostervis
566 968 635 1024 leves
647 968 772 1034 cohortes,
785 987 843 1024 oum

39 1045 139 1112 Cesar,
151 1044 273 1100 advectus
291 1045 323 1100 sd
341 1046 513 1110 vicesimanos,
526 1063 588 1100 voee
605 1063 698 1116 magns
715 1044 763 1100 hoo
780 1045 844 1100 illud

37 1125 146 1192 tempus
164 1121 341 1176 oblitterandus
362 1121 494 1176 seditionis
512 1119 672 1176 elamitsbatr
698 1125 842 1192 pergerent,

37 1201 211 1268 properarent
220 1197 320 1267 eulpam
335 1197 363 1250 in
376 1196 454 1251 decus
465 1199 572 1252 vertere.
609 1195 734 1251 Exarsere
744 1196 864 1262 asinius

37 1290 147 1342 unoque
164 1273 264 1344 impetu
283 1276 434 1344 perruptum
452 1272 552 1327 hostem
570 1270 691 1342 redigunt
710 1271 738 1326 in
754 1277 844 1343 aperta

37 1349 205 1420 oaeduntque.
243 1349 323 1404 Simul
341 1349 416 1420 primi
432 1349 539 1419 agminis
556 1349 635 1418 sopire
652 1366 755 1404 evasere
766 1349 843 1406 silvas

38 1431 179 1496 castraque
194 1425 388 1480 eommunivere.
426 1424 550 1483 Quietum
562 1424 621 1480 inde
634 1424 684 1479 iter
691 1447 699 1490 ;
712 1424 865 1496 fidensques

36 1502 192 1560 terrentibus
203 1519 233 1556 se
244 1501 358 1572 priorum
370 1499 464 1556 oblitus
473 1499 545 1554 miles
557 1500 585 1554 in
596 1499 708 1556 hibernis
720 1501 827 1556 locatur.

76 1577 210 1632 Nuntiata
238 1595 269 1632 ea
298 1575 428 1631 Tiberium
459 1575 549 1631 letitia
577 1593 688 1646 suraque
718 1576 887 1632 ediscerem

39 1653 181 1710 Gaudebst
202 1670 348 1723 oppressam
367 1651 531 1706 seditionem:
554 1651 600 1706 sed
617 1651 686 1721 quod
706 1651 843 1722 largiendis
926 1699 929 1706 .

37 1729 160 1802 pecuniis
181 1733 208 1784 et
227 1729 347 1782 missione
367 1727 488 1782 festinata
510 1727 623 1782 favorem
646 1723 755 1780 rnilitum
776 1745 843 1795 qure-

37 1807 153 1870 sivisset,
180 1804 272 1859 bellioa
295 1821 395 1874 quoque
421 1803 565 1858 Germanioi
588 1802 669 1873 gloria
693 1802 840 1873 ungebatur.

37 1881 158 1940 Rettulit
171 1883 259 1935 tamen
272 1877 303 1933 ed
315 1882 431 1934 senatum
443 1878 475 1933 de
486 1879 562 1934 rebus
572 1879 659 1949 gestis,
668 1878 798 1950 multoque
811 1879 865 1934 det

36 1961 143 2016 virtute
152 1957 210 2028 ejus
228 1954 385 2019 memoravit,
400 1954 482 2024 magis
500 1954 528 2008 in
542 1954 651 2024 speeiem
669 1954 753 2010 verbis
771 1955 842 2012 sdor-

36 2039 102 2094 nata
113 2051 194 2103 quam
211 2034 242 2084 ut
259 2031 361 2100 penitus
378 2031 473 2084 sentire
485 2029 639 2086 crederetur.
675 2031 864 2089 Psuoioribuss

35 2113 159 2167 Drusum
172 2111 199 2161 et
211 2107 288 2162 finem
299 2106 396 2177 Illyrici
413 2108 499 2160 motus
517 2105 638 2171 laudavit,
658 2107 703 2162 sed
720 2108 843 2164 intentior
920 2141 924 2149 ·

36 2192 64 2244 et
76 2186 130 2241 fida
146 2182 272 2238 oratione,
309 2183 459 2252 Cunctaque
477 2199 533 2252 quae
552 2181 716 2238 Germanicus
734 2184 842 2240 indulse-

34 2270 86 2327 rat,
101 2259 218 2316 servavit
230 2258 307 2312 etium
319 2258 387 2328 apud
398 2257 559 2312 Pannonicos
572 2259 707 2313 exereitus.

71 2337 177 2394 Eodem
190 2352 256 2388 anno
273 2333 343 2388 Julie
357 2351 504 2402 supremum
522 2331 588 2386 diem
604 2333 675 2398 obiit,
693 2333 725 2388 ob
737 2333 888 2404 repudi-53

35 2416 125 2473 sitiam
140 2411 203 2466 olim
217 2412 317 2480 aputrs
328 2410 449 2477 Augusto
461 2407 614 2462 Pandateria
625 2409 715 2474 insula,
728 2427 790 2463 mox
802 2428 844 2481 op-

35 2492 98 2568 pido
111 2487 302 2558 Rheginorum,
316 2485 360 2556 qui
373 2485 486 2538 Sinnium
501 2484 597 2538 fretum
614 2485 738 2547 eeoolunt,
751 2485 844 2538 clausa.

35 2569 135 2624 Fuerat
148 2565 178 2619 in
190 2561 354 2617 matrimonio
365 2560 462 2614 Tiberii
477 2558 627 2613 florentibus
644 2559 705 2611 Caio
722 2560 748 2608 et
764 2557 868 2608 Lucios

37 2641 198 2704 Cesaribus,
213 2639 394 2708 spreveratque
411 2638 441 2688 ut
458 2633 596 2702 imparem
614 2649 661 2684 neo
678 2629 796 2682 aliatum
810 2627 847 2676 in·
