2026 2992
31 202 52 242 Α,
62 203 83 244 n.
96 203 125 245 w.
212 142 412 194 ANNALIUM
430 145 482 194 111.
503 148 605 197 la-ea
771 149 817 196 lot

31 203 248 324 spargitl›ellum;
267 255 313 310 ubi
329 256 476 324 instaretur,
497 257 598 324 oedeus,
619 275 650 314 ac
668 275 769 314 rursum
790 259 818 314 in

30 334 92 402 terga
102 350 226 388 remeans.
263 334 300 390 Et
311 334 372 390 dum
388 355 419 391 ea
436 337 502 391 ratio
516 337 624 392 barbaro
641 337 699 403 fuit,
712 337 842 394 irritumt

30 407 162 479 lassumque
179 410 328 466 Romanum
345 412 448 483 impune
464 413 660 480 ludificabatur;
679 417 816 486 postquam

30 482 119 539 dederit
131 485 164 540 ad
178 487 322 542 maritimos
334 488 410 552 locos,
426 490 431 502 '
454 491 459 501 “
493 493 538 545 tus
550 490 636 572 praeda
648 491 749 546 stativis
761 509 817 546 oas-

29 553 68 607 tn's
84 554 245 610 adherebat:
263 558 345 613 missu
362 559 443 629 patris
485 578 590 631 pmmus
608 559 739 616 Oasimua
758 578 816 616 oum

28 631 102 699 equite
122 635 149 686 et
170 633 321 688 cohortibus
343 635 487 702 auxiliariis,
510 636 567 708 quis
588 636 761 692 velocissimos
780 637 817 692 le-

26 706 119 775 gionum
135 708 280 775 addiderat,
293 729 441 782 prosperam
458 712 592 768 adversum
608 713 736 768 Numidas
752 731 817 785 pug-

24 801 76 838 nam
86 783 154 850 facit,
167 786 294 858 pellitque
305 787 334 842 in
345 788 454 844 deserta.

54 861 88 915 At
106 863 195 917 Rome
215 863 323 934 lepida,
343 865 386 920 cui
406 883 482 937 super
501 865 663 921 lllmiliorum
684 865 762 922 decus
782 865 814 922 Ιι.
826 870 863 926 22

23 935 88 990 Sulla
104 941 130 992 et
148 938 198 993 Gn
212 939 352 1011 Pompeius
373 943 460 1012 proavi
478 946 558 1007 erant,
581 942 695 998 defertur
716 942 816 998 simula·

21 1015 84 1068 visse
94 1019 199 1086 parturn
212 1034 247 1070 ex
258 1016 288 1071 P.
297 1018 404 1083 Quirino
416 1019 494 1074 divite
507 1023 583 1090 atque
601 1018 671 1074 orbo.
707 1019 840 1091 Adjicie·a

24 1090 109 1144 bantur
131 1091 269 1158 adulteria,
288 1112 392 1159 venena,
415 1095 601 1166 quesitumque
620 1113 666 1166 per
684 1095 816 1152 chaldeos

22 1166 170 1223 indomum
195 1169 314 1235 Cassiis,
339 1170 490 1227 defendente
513 1189 584 1226 ream
606 1171 696 1226 Manio
717 1172 816 1244 Lepido

23 1243 103 1299 tratre.
134 1245 272 1313 Quirinus,
281 1250 341 1317 post
352 1247 449 1302 dictum
457 1247 592 1319 repudium
600 1246 683 1302 adbuc
694 1247 815 1316 infensus,
825 1266 840 1312 a

24 1321 130 1390 quamvis
152 1321 247 1378 infami
270 1341 300 1377 ac
328 1324 430 1379 nocenti
456 1323 646 1383 miserationem
674 1323 813 1380 addiderat.

23 1397 96 1451 Haud
110 1398 186 1453 facile
206 1399 266 1469 quis
284 1398 422 1469 dispexerit
436 1401 480 1456 illa
496 1401 524 1456 in
541 1401 687 1472 cognitione
705 1404 816 1456 mentem

24 1473 150 1544 principis:
183 1475 250 1530 adeo
274 1477 353 1532 vertit
377 1495 407 1532 ac
429 1478 533 1533 miscuit
556 1477 601 1532 ira
625 1480 652 1532 et
675 1477 816 1534 clementie

24 1549 96 1620 signa
130 1551 298 1622 Deprecstus
319 1552 402 1624 primo
420 1557 538 1609 senatum
556 1572 589 1609 ne
611 1553 752 1625 majestatis
770 1554 842 1611 cri-4

24 1627 86 1680 mina
103 1631 291 1695 tractarentur,
313 1647 374 1685 mox
393 1629 431 1684 M.
453 1631 587 1686 Servilium
608 1649 622 1686 a
643 1630 817 1685 consularibus

25 1702 128 1775 aliosque
139 1709 226 1760 testes
245 1705 327 1760 illexit
343 1706 376 1760 ad
387 1707 537 1777 proferende
554 1725 610 1778 que
623 1707 692 1762 velut
710 1706 817 1761 reticere

24 1781 139 1837 voluerat
176 1781 306 1853 Idemque
318 1800 406 1838 servos
416 1783 529 1855 Lepide,
542 1801 601 1839 cum
612 1782 717 1838 militari
732 1785 841 1844 custo-5

25 1856 63 1910 dia
79 1858 244 1924 haberentur,
258 1859 391 1914 transtulit
409 1859 442 1914 ad
458 1859 583 1927 consules,
600 1877 684 1930 neque
701 1877 748 1929 per
765 1861 818 1912 tor·

23 1937 103 1989 menta
121 1935 281 2006 interrogari
300 1953 390 2006 passus
411 1940 451 1991 est
471 1936 504 1992 de
524 1936 556 1992 iis
580 1954 638 2008 quae
659 1935 692 1990 ad
715 1934 818 1990 domum

23 2028 89 2065 suam
111 2012 283 2082 pertinerent.
320 2011 423 2068 Euemit
446 2013 524 2068 etiam
544 2013 668 2080 Drusum,
688 2012 842 2072 consulens

23 2085 191 2158 designatum,
211 2087 326 2143 dicenda
343 2088 424 2159 primo
441 2089 497 2145 loeo
515 2089 664 2155 sententiae3
690 2088 759 2159 quod
776 2088 817 2143 alii

22 2163 89 2218 civile
99 2165 238 2230 rebantur,
251 2182 285 2219 ne
296 2165 388 2220 ceteris
404 2165 563 2221 adsentiendi
578 2164 718 2221 necessitas
734 2165 816 2230 fieret,

25 2239 119 2307 quidam
136 2241 171 2294 ad
188 2239 315 2296 savinam
331 2241 483 2298 trahebant:
501 2260 584 2312 neque
602 2241 669 2296 enim
687 2259 819 2296 cessurum

25 2315 67 2370 nisi
89 2315 232 2372 damnandi
257 2317 346 2372 officio.
389 2318 488 2389 Irepida
510 2317 629 2373 ludorum
652 2317 750 2383 diebus,
776 2317 820 2388 qui
829 2327 867 2380 23

27 2393 194 2461 cognitionem
205 2393 404 2459 intervenerant,
418 2395 549 2450 theatrum
561 2412 620 2449 cum
632 2394 706 2450 claris
718 2393 819 2448 feminis

28 2465 140 2538 ingressa,
152 2469 340 2524 lamentatione
356 2470 435 2525 flebili
446 2471 555 2542 majores
568 2487 628 2525 suos
644 2471 713 2524 ciens
723 2469 820 2544 ipsum·

29 2561 70 2613 que
76 2547 242 2617 Pompeium,
257 2547 330 2616 eujus
346 2563 377 2602 ea
390 2551 555 2602 monumenta
571 2549 598 2601 et
614 2545 744 2600 adstantes
762 2543 821 2596 ima·

29 2621 91 2689 gines
113 2623 281 2690 visebantrm,
304 2626 407 2677 tantum
430 2621 610 2678 misericordia
632 2618 766 2691 permovit,
778 2621 822 2700 'ut

31 2696 93 2752 anni
110 2701 138 2754 in
155 2698 280 2755 lacrimas
298 2717 365 2756 saeva
382 2703 409 2754 et
427 2698 578 2754 detestanda
591 2695 700 2756 Qunam
712 2690 822 2745 clamita
