1960 2952
263 95 459 145 ANNALIUM
478 97 498 146 1.
517 97 620 145 65—69.
808 99 837 144 41

4 165 43 204 h
54 159 152 266 lnlsidd
164 205 253 260 minus
264 207 364 277 inquies
377 209 519 262 Germanus
532 225 577 278 spe
589 204 708 277 cupidine
720 209 747 261 et
762 205 842 262 diver·
852 205 891 260 68

2 291 55 346 sis
82 289 192 342 dueum
204 286 339 340 sententiis
356 286 466 358 agebat3
482 285 605 349 Arminio,
625 285 738 339 sinerent
757 283 845 356 egredi

15 379 208 438 egressosque
224 380 325 416 rursum
341 381 387 432 per
401 362 507 417 humida
524 369 551 416 et
567 359 690 432 impedita
707 361 845 416 circumve,

14 445 124 505 nitent,
141 437 278 504 suadente,
298 439 424 494 atrociora
435 439 600 510 Inguiomero
612 441 639 492 et
651 437 709 492 heta
722 437 843 504 hmbaris,

2 527 48 577 ut
70 518 182 574 vallum
201 517 278 571 armis
296 517 437 572 ambirent:
456 520 600 588 promptam
620 517 843 588 expugnationem,

2 601 118 673 'plures
132 595 262 666 captivos,
274 596 447 668 incorruptam
459 595 571 668 predam
587 595 649 650 iore.
687 595 772 667 Igitur
788 601 867 650 ortae

2 678 61 733 die
75 675 220 748 proruunt
233 672 322 738 fossas,
341 674 460 745 injiciunt
478 677 568 738 crates,
582 689 682 727 summa
697 673 756 727 valli
772 691 844 744 pren·

11 758 93 818 sant,
106 768 174 806 raro
188 766 266 819 super
279 749 359 805 milite
372 755 398 805 et
411 751 483 822 quasi
495 751 528 804 ob
541 753 637 804 metum
650 748 740 804 deliro.
771 751 867 806 Post-³

12 848 107 904 quam
135 828 239 881 haeserc
262 826 434 893 munimentis,
460 827 536 882 datur
560 825 708 882 cohortibus
733 825 843 898 signum,

11 901 306 974 cornuaqueactubae
318 903 476 958 concinnere.
507 903 575 958 lirin
588 902 870 974 clamoreetimpetu⁴
908 919 918 934 ·

9 986 114 1058 tergis
129 984 321 1037 Germanorum
333 981 579 1047 circumfunduntur,
594 981 776 1052 exprobrantes
792 999 844 1038 uon

9 1064 62 1120 hic
90 1059 180 1116 silvas
205 1075 252 1112 neo
273 1058 385 1129 paludes,
407 1058 452 1114 sed
475 1060 554 1130 aequis
578 1059 640 1114 locis
665 1077 750 1130 equos
774 1059 843 1116 deos.

10 1139 123 1207 Hosti,
150 1136 230 1191 facile
253 1137 379 1192 excidium
403 1142 429 1192 et
453 1156 547 1209 paucos
567 1155 597 1192 ac
616 1155 753 1192 semermos
776 1139 867 1210 cogi-5

10 1217 106 1282 tanti,
123 1232 208 1270 sonus
221 1213 348 1278 tubarum,
365 1214 451 1286 fulgor
468 1233 603 1280 armorum,
622 1217 718 1285 quanto
734 1215 844 1286 inopina,

8 1299 105 1353 tanto
129 1291 232 1361 majora
251 1291 435 1357 offimduntur3
454 1291 637 1360 cadebantque,
659 1295 690 1346 ut
710 1291 787 1347 rebus
807 1310 844 1347 se·

9 1371 126 1430 cundis
150 1367 229 1432 avidi,
251 1367 288 1422 ita
307 1367 419 1422 adversis
438 1368 542 1424 incauti.
579 1368 711 1423 Arminius
735 1368 866 1440 integens

8 1447 224 1521 Inguiomerus
244 1448 303 1515 post
331 1463 409 1516 grave
432 1445 532 1510 vulnus,
557 1463 669 1516 pugnam
694 1444 842 1501 deseruere:

8 1527 130 1597 vulgus
152 1521 313 1576 trucidatum
334 1525 381 1587 est,
404 1521 484 1577 donec
507 1522 546 1576 ira
569 1525 596 1576 et
620 1522 674 1577 dies
695 1523 842 1593 permansit.

9 1605 123 1660 Nocte
136 1598 243 1654 demum
255 1617 362 1654 reversa
371 1597 491 1670 legiones,
505 1598 619 1670 quamvis
631 1599 689 1669 plus
701 1599 868 1668 uulnerum,7

9 1679 125 1738 eadem
139 1675 258 1730 ciborum
274 1678 375 1746 egestas
387 1675 515 1748 fatigaret,
523 1676 583 1741 vim,
596 1676 740 1740 sanitatem,
749 1676 842 1746 copias,

8 1757 132 1816 cuncta
144 1753 176 1806 in
187 1751 294 1807 victoria
304 1751 424 1807 habuere.

58 1832 231 1889 Pervaserat
249 1829 352 1884 interim
376 1829 542 1885 circumventi
566 1828 694 1884 exereitus
718 1828 793 1894 fama,
816 1831 843 1884 et
853 1833 890 1889 69

6 1911 133 1971 infesto
148 1907 335 1961 Germanorum
347 1907 448 1978 agmine
464 1907 559 1962 Gallias
575 1906 629 1978 peti
637 1928 654 1972 ;‚
664 1924 693 1962 ac
705 1906 732 1961 ni
751 1907 843 1980 Agrip·

6 1991 94 2065 pina
109 1984 265 2054 impositum
276 1983 369 2038 Rheno
381 1987 485 2054 pontem
498 1984 562 2039 solvi
577 1983 757 2055 prohibuisset,
771 1990 843 2040 erant

4 2067 74 2143 qui
100 2063 132 2120 id
154 2061 281 2134 flagitium
301 2061 436 2116 formidine
454 2062 584 2118 auderent.
622 2062 673 2118 Sed
688 2063 789 2129 femina,
806 2064 866 2124 ine

2 2161 99 2222 gens
115 2139 204 2205 animi,
217 2140 304 2194 munia
315 2139 387 2195 duois
402 2158 448 2212 per
464 2158 507 2196 eos
524 2139 578 2196 dies
597 2139 689 2206 induit,
707 2141 842 2197 militibus·

2 2240 92 2299 que,
120 2221 154 2272 ut
179 2216 236 2287 quis
259 2217 332 2288 inops
357 2220 402 2271 aut
426 2217 535 2286 saumas,
559 2221 656 2273 vestem
681 2222 707 2273 et
730 2218 844 2274 fomenta

1 2293 163 2366 dilargita
186 2298 233 2348 est.
270 2293 359 2348 Tradit
383 2293 414 2348 0.
427 2291 533 2358 Plinius,
560 2294 768 2349 Germanicorum
792 2295 866 2356 bel-3

1 2382 122 2440 lorum
135 2371 254 2442 scriptor,
266 2371 370 2426 stetisse
386 2369 454 2441 apud
470 2371 623 2442 principium
642 2371 735 2443 pontis,
755 2371 843 2427 laudes

1 2461 47 2516 et
86 2451 180 2521 grates
204 2447 313 2503 reuersis
336 2447 480 2518 legionibus
503 2448 646 2503 habentem.
691 2446 724 2501 Id
748 2448 869 2503 Tiberiir

1 2531 155 2594 mimum
183 2524 260 2580 altius
290 2525 450 2595 penetrauit:
480 2542 533 2578 non
556 2525 624 2578 enim
648 2523 775 2591 simplices
800 2539 843 2574 eas

1 2621 123 2672 gun-es,
149 2620 198 2657 neo
222 2603 344 2656 adversm
368 2603 488 2654 externos
511 2599 619 2652 militem
644 2596 730 2665 quaeri.
771 2593 867 2672 Nihil5

1 2683 160 2750 relictum
179 2676 385 2750 imperatoribus,
404 2674 450 2729 ubi
465 2674 561 2728 femina
576 2668 720 2736 manipulos
741 2665 844 2716 interm-
