2022 3004
12 231 32 273 Α.
42 231 69 272 D.
80 233 126 283 ω’]
208 165 405 220 Aureolum
421 169 492 223 XIV.
506 171 612 222 'aa-6⁷.
752 173 799 220 881

9 283 127 353 perieulis
140 285 302 338 meruerant:
321 283 349 338 iu
363 282 395 337 iis
413 283 480 338 euim
493 283 600 354 juventa
616 283 730 355 Augusti
744 299 801 338 ver·

9 366 59 415 sata
76 363 131 416 est.
170 360 228 415 Neo
245 360 307 415 mihi
323 359 377 415 tela
391 364 418 415 et
439 379 529 416 mauus
546 365 599 416 turo
616 360 757 416 defuissent
773 361 801 414 iu

9 438 79 492 armis
103 436 204 508 agenti.
242 436 300 502 Sed,
320 436 388 507 quod
408 455 518 508 prosena
537 438 649 493 oouditio
672 437 824 508 posoebat,4

8 515 114 579 ratione,
138 512 251 578 oonsilio,
271 513 404 584 preceptis
425 513 568 584 pueritiam,
590 513 649 568 dein
669 515 801 585 juventam

8 607 95 656 meam,
110 589 216 645 fovisti..
247 589 283 644 Et
297 594 344 644 tua
359 588 461 660 quidem
477 607 538 661 arga
552 607 594 644 me
611 607 723 655 munera,
740 589 824 648 dume

7 667 55 720 vita
67 668 206 737 suppetet,
219 669 314 720 aeterua
326 669 416 720 eruut:
435 685 491 737 que
504 683 570 721 ame
587 665 673 733 habes,
689 665 758 720 horti
774 670 802 720 et

7 743 77 797 lenus
97 746 130 797 et
149 741 223 806 villae,
242 741 342 796 oasibua
358 741 466 797 obnoxia
484 745 553 798 suut.
591 744 628 797 Ao
645 742 705 797 lioet
720 741 823 802 multae

7 819 154 882 videantur,
178 817 291 888 plerique
316 817 511 889 haudquaquam
534 817 632 874 atibus
654 819 708 872 tuis
728 835 801 888 paras

8 895 76 964 plura
88 898 243 949 tenuerant.
279 893 364 949 Pudet
376 895 471 950 referre
483 894 622 959 libertinos,
635 894 680 965 qui
697 893 824 954 ditiores?

8 974 170 1040 spectantur.
206 969 284 1026 Unde
303 972 381 1025 etiam
400 970 488 1025 rubori
508 971 570 1025 mihi
589 975 629 1025 eat
647 969 723 1040 quod,
740 987 802 1040 prae·

8 1047 95 1117 dpuus
109 1045 229 1113 caritate,
240 1046 352 1101 noudum
364 1064 451 1101 omues
463 1046 567 1102 fortuna
578 1046 714 1102 anteoellis.
750 1047 846 1108 Vo·56

7 1141 58 1177 rum
83 1127 116 1178 et
142 1122 192 1177 tibi
214 1121 297 1177 valida
315 1127 386 1190 atas,
404 1122 531 1193 rebusque
551 1127 578 1178 et
598 1123 695 1178 fruetui
717 1139 802 1177 rerum

8 1200 146 1266 sufficiens,
157 1202 185 1253 et
202 1217 249 1254 uos
267 1199 348 1270 prima
363 1199 462 1270 imperii
478 1200 560 1270 spatia
575 1198 739 1271 ingredimur,
752 1199 802 1253 uisi

8 1276 69 1331 lorte
82 1279 135 1330 aut
146 1279 176 1330 te
188 1275 292 1330 Vitellio
303 1281 344 1330 ter
360 1275 466 1343 oonsuli,
484 1280 530 1332 aut
546 1295 588 1332 me
604 1275 718 1342 Claudio,
734 1281 803 1346 post-

8 1354 84 1421 ponis.
118 1351 173 1406 Sed
181 1355 304 1421 quautam
311 1351 418 1408 Volusio
429 1353 506 1424 longa
516 1353 668 1424 parsimonia
679 1352 825 1424 quesivim

8 1433 109 1484 tautum
122 1429 151 1482 iu
162 1431 191 1482 te
203 1445 260 1482 mea
270 1427 406 1484 liberalitas
419 1429 519 1500 explere
531 1447 582 1485 uon
593 1433 687 1501 potest.
723 1429 801 1494 Quin,

8 1505 89 1576 siqua
107 1504 137 1559 iu
151 1507 227 1575 parte
241 1504 366 1560 lubrioum
383 1505 558 1564 adolesoentiae
573 1510 668 1562 nostras
684 1505 801 1570 deelinat,

7 1599 120 1646 revocas,
143 1583 314 1651 ornatumque
334 1581 413 1637 robur
428 1582 541 1638 subsidio
556 1583 696 1654 impensius
712 1581 802 1652 regis?

7 1658 65 1712 Nou
76 1663 129 1712 tua
140 1655 291 1722 moderatio,
305 1657 327 1712 si
343 1657 482 1713 reddideris
500 1659 640 1729 peouniam,
659 1673 706 1711 neo
722 1657 824 1726 quies,3

7 1735 27 1788 ai
36 1733 179 1804 reliqueris
190 1732 337 1803 prinoipem,
350 1733 396 1788 aed
413 1751 469 1788 mea
486 1733 599 1799 avaritia,
617 1751 679 1788 meae
696 1731 803 1787 erudeli·

6 1811 64 1865 tatis
77 1814 178 1873 metus,
191 1809 220 1862 in
231 1809 394 1863 oreomuium
402 1809 553 1864 versabitur.
584 1807 684 1869 Quodsi
695 1807 827 1862 maximoe

7 1885 171 1941 coutinentia
191 1887 239 1938 tua
256 1883 381 1950 laudetur,
400 1902 453 1939 nou
467 1889 554 1940 tamea
569 1884 678 1956 sapienti
691 1883 747 1938 viro
761 1882 803 1938 de-

6 1979 93 2016 oorum
105 1959 200 2028 fuerit,
211 1959 279 2015 uude
291 1961 371 2016 amieo
382 1961 512 2015 infamiam
526 1969 606 2032 paret,
623 1959 682 2016 iude
698 1959 804 2030 gloriam

6 2039 50 2093 sibi
62 2036 212 2108 reeiperess’
248 2037 300 2092 His
312 2036 398 2109 adjioit
410 2038 569 2108 complexum
581 2042 607 2093 ot
619 2037 712 2101 oseula,
720 2035 825 2098 faetus5

6 2120 98 2170 notura
110 2118 142 2169 et
156 2113 340 2169 eonsuetudiue
352 2115 480 2169 exereitus
489 2114 572 2170 velare
579 2114 665 2170 odium
674 2112 804 2168 fallacibus

5 2189 150 2246 blanditiis.
189 2189 285 2245 Seueoa
306 2190 360 2260 (qui
376 2191 434 2246 linis
452 2189 564 2246 omnium
581 2210 640 2247 oum
660 2189 826 2245 dommaneee

6 2266 180 2334 sermonum)
199 2269 285 2336 grates
303 2267 373 2337 agit:
393 2266 438 2322 sed
449 2267 569 2324 instituta
580 2268 672 2338 prioris
683 2265 804 2338 potentiae

6 2345 161 2408 eommutat,
174 2341 294 2412 prohibet
311 2347 392 2398 ooebas
408 2343 582 2410 salutantium,
599 2344 665 2398 vitet
682 2342 805 2398 oomitau-

6 2424 50 2486 tos,
63 2435 148 2476 rarus
159 2436 207 2488 per
218 2418 314 2484 urbem,
327 2420 400 2489 quasi
411 2420 556 2476 valetudiue
567 2420 667 2476 infensa
682 2423 727 2474 aut
739 2417 806 2488 sapi-

7 2499 81 2552 entiae
94 2493 197 2570 studiis
209 2494 278 2549 domi
289 2496 449 2551 attineretur.

37 2571 172 2628 Peroulao
185 2571 280 2626 Seneoa
291 2575 436 2642 promptum
452 2571 502 2627 luit
518 2573 616 2627 Rufum
631 2571 746 2627 Fauiam
760 2571 848 2630 ina-57

6 2650 133 2714 minuere,
148 2647 297 2718 Agrippino
307 2647 443 2702 amicitiam
451 2649 479 2702 iu
488 2665 518 2703 eo
527 2648 725 2704 orimiuantibus.
755 2645 806 2700 Va·

5 2723 137 2798 lidiorque
150 2722 179 2779 ia
190 2722 244 2779 diae
256 2723 404 2796 ligelliuus,
419 2730 447 2780 et
457 2725 536 2780 malas
548 2729 624 2794 artes,
639 2723 731 2795 quibos
746 2721 807 2776 solia
