<?xml version="1.0" encoding="UTF-8"?>
<!DOCTYPE html PUBLIC "-//W3C//DTD XHTML 1.0 Transitional//EN"
    "http://www.w3.org/TR/xhtml1/DTD/xhtml1-transitional.dtd">
<html xmlns="http://www.w3.org/1999/xhtml" xml:lang="en" lang="en">
 <head>
  <title>
</title>
<meta http-equiv="Content-Type" content="text/html;charset=utf-8" />
  <meta name='ocr-system' content='tesseract 3.04.00' />
  <meta name='ocr-capabilities' content='ocr_page ocr_carea ocr_par ocr_line ocrx_word'/>
</head>
<body>
  <div class='ocr_page' id='page_1' title='image "./opera04tacigoog_0220.png"; bbox 0 0 1862 2952; ppageno 0'>
   <div class='ocr_carea' id='block_1_1' title="bbox 248 155 830 208">
    <p class='ocr_par' dir='ltr' id='par_1_1' title="bbox 248 155 830 208">
     <span class='ocr_line' id='line_1_1' title="bbox 248 155 830 208; baseline 0 -2"><span class='ocrx_word' id='word_1_1' title='bbox 248 155 444 207; x_wconf 68' lang='lat' dir='ltr'><strong>nummum</strong></span> <span class='ocrx_word' id='word_1_2' title='bbox 461 157 504 208; x_wconf 77' lang='lat' dir='ltr'><strong>VI.</strong></span> <span class='ocrx_word' id='word_1_3' title='bbox 517 159 622 208; x_wconf 74' lang='lat'><em>46-49.</em></span> <span class='ocrx_word' id='word_1_4' title='bbox 784 157 830 207; x_wconf 78' lang='lat' dir='ltr'><strong>nn</strong></span> 
     </span>
    </p>
   </div>
   <div class='ocr_carea' id='block_1_2' title="bbox 38 220 859 494">
    <p class='ocr_par' dir='ltr' id='par_1_2' title="bbox 38 220 859 494">
     <span class='ocr_line' id='line_1_2' title="bbox 41 220 859 340; baseline -0.006 -14"><span class='ocrx_word' id='word_1_5' title='bbox 41 220 178 326; x_wconf 60' lang='lat' dir='ltr'><strong>itii&#39;iiiib</strong></span> <span class='ocrx_word' id='word_1_6' title='bbox 196 267 287 333; x_wconf 73' lang='lat' dir='ltr'><strong>estatis,</strong></span> <span class='ocrx_word' id='word_1_7' title='bbox 303 286 385 340; x_wconf 88' lang='lat' dir='ltr'><strong>neque</strong></span> <span class='ocrx_word' id='word_1_8' title='bbox 401 269 470 324; x_wconf 82' lang='lat' dir='ltr'><strong>aliud</strong></span> <span class='ocrx_word' id='word_1_9' title='bbox 486 267 659 340; x_wconf 69' lang='lat' dir='ltr'><strong>psaltendmn</strong></span> <span class='ocrx_word' id='word_1_10' title='bbox 673 283 750 340; x_wconf 79' lang='lat' dir='ltr'><strong>qnam</strong></span> <span class='ocrx_word' id='word_1_11' title='bbox 767 267 859 338; x_wconf 74' lang='lat' dir='ltr'><strong>quode</strong></span> 
     </span>
     <span class='ocr_line' id='line_1_3' title="bbox 38 342 834 416; baseline -0.005 -15"><span class='ocrx_word' id='word_1_12' title='bbox 38 345 104 401; x_wconf 88' lang='lat' dir='ltr'><strong>inter</strong></span> <span class='ocrx_word' id='word_1_13' title='bbox 114 343 231 400; x_wconf 84' lang='lat' dir='ltr'><strong>ludibria</strong></span> <span class='ocrx_word' id='word_1_14' title='bbox 242 348 269 399; x_wconf 86' lang='lat' dir='ltr'><strong>et</strong></span> <span class='ocrx_word' id='word_1_15' title='bbox 284 344 396 416; x_wconf 83' lang='lat' dir='ltr'><strong>perionis</strong></span> <span class='ocrx_word' id='word_1_16' title='bbox 409 346 509 400; x_wconf 83' lang='lat' dir='ltr'><strong>enxiem</strong></span> <span class='ocrx_word' id='word_1_17' title='bbox 525 348 653 400; x_wconf 84' lang='lat' dir='ltr'><strong>senectam</strong></span> <span class='ocrx_word' id='word_1_18' title='bbox 667 342 834 408; x_wconf 71' lang='lat' dir='ltr'>toleravisset,</span> 
     </span>
     <span class='ocr_line' id='line_1_4' title="bbox 39 419 837 494; baseline -0.005 -16"><span class='ocrx_word' id='word_1_19' title='bbox 39 421 80 478; x_wconf 81' lang='lat' dir='ltr'><strong>du</strong></span> <span class='ocrx_word' id='word_1_20' title='bbox 105 421 211 492; x_wconf 75' lang='lat' dir='ltr'><strong>Seiano,</strong></span> <span class='ocrx_word' id='word_1_21' title='bbox 234 438 304 474; x_wconf 86' lang='lat' dir='ltr'><strong>nune</strong></span> <span class='ocrx_word' id='word_1_22' title='bbox 327 421 450 487; x_wconf 81' lang='lat' dir='ltr'><strong>Macroni,</strong></span> <span class='ocrx_word' id='word_1_23' title='bbox 475 439 575 494; x_wconf 79' lang='lat' dir='ltr'><strong>semper</strong></span> <span class='ocrx_word' id='word_1_24' title='bbox 598 419 672 476; x_wconf 81' lang='lat' dir='ltr'><strong>alieni</strong></span> <span class='ocrx_word' id='word_1_25' title='bbox 691 420 837 492; x_wconf 86' lang='lat' dir='ltr'><strong>potentium</strong></span> 
     </span>
    </p>
   </div>
   <div class='ocr_carea' id='block_1_3' title="bbox 9 496 888 2784">
    <p class='ocr_par' dir='ltr' id='par_1_3' title="bbox 38 496 865 1931">
     <span class='ocr_line' id='line_1_5' title="bbox 38 496 862 570; baseline 0 -17"><span class='ocrx_word' id='word_1_26' title='bbox 38 499 146 564; x_wconf 85' lang='lat' dir='ltr'><strong>invisus,</strong></span> <span class='ocrx_word' id='word_1_27' title='bbox 159 515 213 554; x_wconf 89' lang='lat' dir='ltr'><strong>nen</strong></span> <span class='ocrx_word' id='word_1_28' title='bbox 224 497 306 568; x_wconf 87' lang='lat' dir='ltr'><strong>eulpa,</strong></span> <span class='ocrx_word' id='word_1_29' title='bbox 319 497 365 552; x_wconf 88' lang='lat' dir='ltr'><strong>sed</strong></span> <span class='ocrx_word' id='word_1_30' title='bbox 381 502 412 554; x_wconf 92' lang='lat' dir='ltr'><strong>ut</strong></span> <span class='ocrx_word' id='word_1_31' title='bbox 423 499 578 570; x_wconf 77' lang='lat' dir='ltr'><strong>flagitiorum</strong></span> <span class='ocrx_word' id='word_1_32' title='bbox 592 496 733 570; x_wconf 72' lang='lat' dir='ltr'><strong>impatiens.</strong></span> <span class='ocrx_word' id='word_1_33' title='bbox 770 497 862 553; x_wconf 64' lang='lat' dir='ltr'><strong>Senes</strong></span> 
     </span>
     <span class='ocr_line' id='line_1_6' title="bbox 38 571 837 648; baseline -0.001 -17"><span class='ocrx_word' id='word_1_34' title='bbox 38 591 134 646; x_wconf 86' lang='lat' dir='ltr'><strong>paueos</strong></span> <span class='ocrx_word' id='word_1_35' title='bbox 154 578 181 630; x_wconf 92' lang='lat' dir='ltr'><strong>et</strong></span> <span class='ocrx_word' id='word_1_36' title='bbox 200 591 332 648; x_wconf 85' lang='lat' dir='ltr'><strong>supremos</strong></span> <span class='ocrx_word' id='word_1_37' title='bbox 349 575 471 647; x_wconf 82' lang='lat' dir='ltr'><strong>principis</strong></span> <span class='ocrx_word' id='word_1_38' title='bbox 483 573 537 630; x_wconf 88' lang='lat' dir='ltr'><strong>dies</strong></span> <span class='ocrx_word' id='word_1_39' title='bbox 549 591 625 646; x_wconf 86' lang='lat' dir='ltr'><strong>posse</strong></span> <span class='ocrx_word' id='word_1_40' title='bbox 642 571 732 630; x_wconf 75' lang='grc' dir='ltr'>ιίιιιιίι</span> <span class='ocrx_word' id='word_1_41' title='bbox 752 591 837 646; x_wconf 84' lang='lat' dir='ltr'><strong>quem-</strong></span> 
     </span>
     <span class='ocr_line' id='line_1_7' title="bbox 39 651 838 724; baseline 0 -18"><span class='ocrx_word' id='word_1_42' title='bbox 39 651 177 706; x_wconf 75' lang='lat' dir='ltr'><strong>admodum</strong></span> <span class='ocrx_word' id='word_1_43' title='bbox 205 667 341 706; x_wconf 85' lang='lat' dir='ltr'><strong>evasurnm</strong></span> <span class='ocrx_word' id='word_1_44' title='bbox 363 651 518 706; x_wconf 83' lang='lat' dir='ltr'><strong>imminentia</strong></span> <span class='ocrx_word' id='word_1_45' title='bbox 539 651 690 724; x_wconf 77' lang='lat' dir='ltr'><strong>juventam?</strong></span> <span class='ocrx_word' id='word_1_46' title='bbox 714 667 754 716; x_wconf 90' lang='lat' dir='ltr'><strong>an,</strong></span> <span class='ocrx_word' id='word_1_47' title='bbox 779 667 838 706; x_wconf 88' lang='lat' dir='ltr'><strong>enm</strong></span> 
     </span>
     <span class='ocr_line' id='line_1_8' title="bbox 38 727 837 802; baseline -0.003 -18"><span class='ocrx_word' id='word_1_48' title='bbox 38 727 158 784; x_wconf 75' lang='lat' dir='ltr'><strong>&#39;liberius</strong></span> <span class='ocrx_word' id='word_1_49' title='bbox 169 729 230 799; x_wconf 87' lang='lat' dir='ltr'><strong>post</strong></span> <span class='ocrx_word' id='word_1_50' title='bbox 246 731 345 782; x_wconf 85' lang='lat' dir='ltr'><strong>tantem</strong></span> <span class='ocrx_word' id='word_1_51' title='bbox 361 745 446 784; x_wconf 83' lang='lat' dir='ltr'><strong>rerum</strong></span> <span class='ocrx_word' id='word_1_52' title='bbox 464 727 645 802; x_wconf 87' lang='lat' dir='ltr'><strong>experientiam</strong></span> <span class='ocrx_word' id='word_1_53' title='bbox 661 727 688 784; x_wconf 80' lang='lat' dir='ltr'><strong>vi</strong></span> <span class='ocrx_word' id='word_1_54' title='bbox 705 727 837 782; x_wconf 90' lang='lat' dir='ltr'><strong>dominati·</strong></span> 
     </span>
     <span class='ocr_line' id='line_1_9' title="bbox 39 803 838 871; baseline -0.003 -11"><span class='ocrx_word' id='word_1_55' title='bbox 39 806 94 860; x_wconf 87' lang='lat' dir='ltr'><strong>onis</strong></span> <span class='ocrx_word' id='word_1_56' title='bbox 113 803 253 860; x_wconf 74' lang='lat' dir='ltr'><strong>eonwlsua</strong></span> <span class='ocrx_word' id='word_1_57' title='bbox 272 807 299 858; x_wconf 89' lang='lat' dir='ltr'><strong>et</strong></span> <span class='ocrx_word' id='word_1_58' title='bbox 316 809 431 860; x_wconf 86' lang='lat' dir='ltr'><strong>mutatus</strong></span> <span class='ocrx_word' id='word_1_59' title='bbox 449 806 491 871; x_wconf 89' lang='lat' dir='ltr'><strong>sit,</strong></span> <span class='ocrx_word' id='word_1_60' title='bbox 510 805 540 861; x_wconf 81' lang='grc'><strong>0.</strong></span> <span class='ocrx_word' id='word_1_61' title='bbox 554 803 687 869; x_wconf 76' lang='lat' dir='ltr'><strong>Oeserem,</strong></span> <span class='ocrx_word' id='word_1_62' title='bbox 705 803 749 860; x_wconf 83' lang='lat' dir='ltr'><strong>vix</strong></span> <span class='ocrx_word' id='word_1_63' title='bbox 766 803 838 858; x_wconf 87' lang='lat' dir='ltr'><strong>finita</strong></span> 
     </span>
     <span class='ocr_line' id='line_1_10' title="bbox 39 879 838 953; baseline 0 -18"><span class='ocrx_word' id='word_1_64' title='bbox 39 881 158 952; x_wconf 82' lang='lat' dir='ltr'><strong>pueritie,</strong></span> <span class='ocrx_word' id='word_1_65' title='bbox 171 881 291 952; x_wconf 85' lang='lat' dir='ltr'><strong>ignarum</strong></span> <span class='ocrx_word' id='word_1_66' title='bbox 304 882 416 936; x_wconf 88' lang='lat' dir='ltr'><strong>omnium</strong></span> <span class='ocrx_word' id='word_1_67' title='bbox 429 885 474 937; x_wconf 88' lang='lat' dir='ltr'><strong>eut</strong></span> <span class='ocrx_word' id='word_1_68' title='bbox 485 881 601 953; x_wconf 84' lang='lat' dir='ltr'><strong>pessimis</strong></span> <span class='ocrx_word' id='word_1_69' title='bbox 612 879 773 945; x_wconf 77' lang='lat' dir='ltr'><strong>innutritum,</strong></span> <span class='ocrx_word' id='word_1_70' title='bbox 786 897 838 935; x_wconf 88' lang='lat' dir='ltr'><strong>me-</strong></span> 
     </span>
     <span class='ocr_line' id='line_1_11' title="bbox 39 955 837 1029; baseline -0.001 -17"><span class='ocrx_word' id='word_1_71' title='bbox 39 956 103 1012; x_wconf 84' lang='lat' dir='ltr'><strong>liora</strong></span> <span class='ocrx_word' id='word_1_72' title='bbox 123 956 314 1029; x_wconf 77' lang='lat' dir='ltr'><strong>capessiturum</strong></span> <span class='ocrx_word' id='word_1_73' title='bbox 337 957 461 1012; x_wconf 77' lang='lat' dir='ltr'><strong>Macrone</strong></span> <span class='ocrx_word' id='word_1_74' title='bbox 485 957 570 1013; x_wconf 76' lang='lat' dir='ltr'><strong>duee?</strong></span> <span class='ocrx_word' id='word_1_75' title='bbox 596 957 649 1027; x_wconf 88' lang='lat' dir='ltr'><strong>qui,</strong></span> <span class='ocrx_word' id='word_1_76' title='bbox 668 960 699 1012; x_wconf 90' lang='lat' dir='ltr'><strong>ut</strong></span> <span class='ocrx_word' id='word_1_77' title='bbox 719 955 837 1022; x_wconf 84' lang='lat' dir='ltr'><strong>deterior,</strong></span> 
     </span>
     <span class='ocr_line' id='line_1_12' title="bbox 39 1031 838 1106; baseline 0 -18"><span class='ocrx_word' id='word_1_78' title='bbox 39 1031 279 1104; x_wconf 84' lang='lat' dir='ltr'><strong>edopprimendum</strong></span> <span class='ocrx_word' id='word_1_79' title='bbox 289 1033 408 1104; x_wconf 76' lang='lat' dir='ltr'><strong>Seianum</strong></span> <span class='ocrx_word' id='word_1_80' title='bbox 415 1033 537 1099; x_wconf 83' lang='lat' dir='ltr'><strong>delectus,</strong></span> <span class='ocrx_word' id='word_1_81' title='bbox 547 1031 621 1105; x_wconf 78' lang='lat' dir='ltr'><strong>plura</strong></span> <span class='ocrx_word' id='word_1_82' title='bbox 629 1049 675 1106; x_wconf 90' lang='lat' dir='ltr'><strong>per</strong></span> <span class='ocrx_word' id='word_1_83' title='bbox 682 1032 777 1090; x_wconf 85' lang='lat' dir='ltr'><strong>seelera</strong></span> <span class='ocrx_word' id='word_1_84' title='bbox 784 1051 838 1088; x_wconf 86' lang='lat' dir='ltr'><strong>rem</strong></span> 
     </span>
     <span class='ocr_line' id='line_1_13' title="bbox 38 1109 862 1182; baseline 0 -16"><span class='ocrx_word' id='word_1_85' title='bbox 38 1109 170 1182; x_wconf 81' lang='lat' dir='ltr'><strong>publicem</strong></span> <span class='ocrx_word' id='word_1_86' title='bbox 194 1109 400 1165; x_wconf 74' lang='lat' dir='ltr'><strong>conflictavisset.</strong></span> <span class='ocrx_word' id='word_1_87' title='bbox 442 1111 610 1182; x_wconf 77' lang='lat' dir='ltr'><strong>Prospeotare</strong></span> <span class='ocrx_word' id='word_1_88' title='bbox 631 1111 684 1182; x_wconf 82' lang='lat' dir='ltr'><strong>jam</strong></span> <span class='ocrx_word' id='word_1_89' title='bbox 705 1127 733 1165; x_wconf 89' lang='lat' dir='ltr'><strong>se</strong></span> <span class='ocrx_word' id='word_1_90' title='bbox 756 1111 862 1166; x_wconf 80' lang='lat' dir='ltr'><strong>aeriust</strong></span> 
     </span>
     <span class='ocr_line' id='line_1_14' title="bbox 39 1187 840 1259; baseline 0 -15"><span class='ocrx_word' id='word_1_91' title='bbox 39 1188 184 1253; x_wconf 79' lang='lat' dir='ltr'><strong>servitium,</strong></span> <span class='ocrx_word' id='word_1_92' title='bbox 203 1204 284 1258; x_wconf 87' lang='lat' dir='ltr'><strong>eoque</strong></span> <span class='ocrx_word' id='word_1_93' title='bbox 300 1187 389 1259; x_wconf 83' lang='lat' dir='ltr'><strong>fugere</strong></span> <span class='ocrx_word' id='word_1_94' title='bbox 404 1187 482 1244; x_wconf 78' lang='lat' dir='ltr'><strong>simm</strong></span> <span class='ocrx_word' id='word_1_95' title='bbox 497 1191 554 1244; x_wconf 81' lang='lat' dir='ltr'><strong>aete</strong></span> <span class='ocrx_word' id='word_1_96' title='bbox 565 1192 592 1243; x_wconf 89' lang='lat' dir='ltr'><strong>et</strong></span> <span class='ocrx_word' id='word_1_97' title='bbox 608 1187 738 1242; x_wconf 82' lang='lat' dir='ltr'><strong>instantis.</strong></span> <span class='ocrx_word' id='word_1_98' title='bbox 774 1187 840 1244; x_wconf 70' lang='lat' dir='ltr'><strong>Here</strong></span> 
     </span>
     <span class='ocr_line' id='line_1_15' title="bbox 39 1263 862 1330; baseline 0 -10"><span class='ocrx_word' id='word_1_99' title='bbox 39 1265 107 1320; x_wconf 80' lang='lat' dir='ltr'><strong>retis</strong></span> <span class='ocrx_word' id='word_1_100' title='bbox 125 1264 154 1318; x_wconf 90' lang='lat' dir='ltr'><strong>in</strong></span> <span class='ocrx_word' id='word_1_101' title='bbox 171 1263 277 1318; x_wconf 87' lang='lat' dir='ltr'><strong>modum</strong></span> <span class='ocrx_word' id='word_1_102' title='bbox 293 1263 420 1330; x_wconf 79' lang='lat' dir='ltr'><strong>dictitans,</strong></span> <span class='ocrx_word' id='word_1_103' title='bbox 437 1282 515 1320; x_wconf 84' lang='lat' dir='ltr'><strong>renes</strong></span> <span class='ocrx_word' id='word_1_104' title='bbox 531 1264 643 1320; x_wconf 77' lang='lat' dir='ltr'><strong>resolvit.</strong></span> <span class='ocrx_word' id='word_1_105' title='bbox 678 1263 862 1320; x_wconf 78' lang='lat' dir='ltr'><strong>Documentod</strong></span> 
     </span>
     <span class='ocr_line' id='line_1_16' title="bbox 39 1338 841 1416; baseline 0 -20"><span class='ocrx_word' id='word_1_106' title='bbox 39 1341 179 1414; x_wconf 83' lang='lat' dir='ltr'><strong>sequentis</strong></span> <span class='ocrx_word' id='word_1_107' title='bbox 188 1343 265 1394; x_wconf 89' lang='lat' dir='ltr'><strong>erunt</strong></span> <span class='ocrx_word' id='word_1_108' title='bbox 273 1338 338 1395; x_wconf 88' lang='lat' dir='ltr'><strong>bene</strong></span> <span class='ocrx_word' id='word_1_109' title='bbox 346 1341 499 1396; x_wconf 81' lang='lat' dir='ltr'><strong>Arruntium</strong></span> <span class='ocrx_word' id='word_1_110' title='bbox 510 1344 593 1396; x_wconf 85' lang='lat' dir='ltr'><strong>morte</strong></span> <span class='ocrx_word' id='word_1_111' title='bbox 601 1359 684 1396; x_wconf 87' lang='lat' dir='ltr'><strong>usum.</strong></span> <span class='ocrx_word' id='word_1_112' title='bbox 700 1409 702 1416; x_wconf 18' lang='grc' dir='ltr'><strong><em>Α</em></strong></span> <span class='ocrx_word' id='word_1_113' title='bbox 714 1339 841 1398; x_wconf 78' lang='lat' dir='ltr'><strong>Albnoille</strong></span> 
     </span>
     <span class='ocr_line' id='line_1_17' title="bbox 39 1417 840 1488; baseline 0 -16"><span class='ocrx_word' id='word_1_114' title='bbox 39 1418 114 1472; x_wconf 80' lang='lat' dir='ltr'><strong>inito</strong></span> <span class='ocrx_word' id='word_1_115' title='bbox 127 1417 185 1472; x_wconf 81' lang='lat' dir='ltr'><strong>iotu</strong></span> <span class='ocrx_word' id='word_1_116' title='bbox 200 1433 215 1470; x_wconf 87' lang='lat' dir='ltr'><strong>e</strong></span> <span class='ocrx_word' id='word_1_117' title='bbox 227 1422 307 1470; x_wconf 90' lang='lat' dir='ltr'><strong>semet</strong></span> <span class='ocrx_word' id='word_1_118' title='bbox 319 1417 458 1483; x_wconf 72' lang='lat' dir='ltr'><strong>vulnerata</strong></span> <span class='ocrx_word' id='word_1_119' title='bbox 474 1417 550 1488; x_wconf 83' lang='lat' dir='ltr'><strong>jussu</strong></span> <span class='ocrx_word' id='word_1_120' title='bbox 561 1421 664 1472; x_wconf 85' lang='lat' dir='ltr'><strong>senatus</strong></span> <span class='ocrx_word' id='word_1_121' title='bbox 675 1417 703 1472; x_wconf 89' lang='lat' dir='ltr'><strong>in</strong></span> <span class='ocrx_word' id='word_1_122' title='bbox 715 1435 840 1473; x_wconf 76' lang='lat' dir='ltr'><strong>eaucerem</strong></span> 
     </span>
     <span class='ocr_line' id='line_1_18' title="bbox 38 1493 865 1566; baseline 0 -18"><span class='ocrx_word' id='word_1_123' title='bbox 38 1495 133 1549; x_wconf 85' lang='lat' dir='ltr'><strong>fertur.</strong></span> <span class='ocrx_word' id='word_1_124' title='bbox 181 1493 339 1564; x_wconf 75' lang='lat' dir='ltr'><strong>stuprorum</strong></span> <span class='ocrx_word' id='word_1_125' title='bbox 357 1495 414 1566; x_wconf 87' lang='lat' dir='ltr'><strong>ejus</strong></span> <span class='ocrx_word' id='word_1_126' title='bbox 430 1494 548 1560; x_wconf 79' lang='lat' dir='ltr'><strong>ministri,</strong></span> <span class='ocrx_word' id='word_1_127' title='bbox 569 1493 699 1549; x_wconf 81' lang='lat' dir='ltr'><strong>Carsidius</strong></span> <span class='ocrx_word' id='word_1_128' title='bbox 718 1493 865 1549; x_wconf 70' lang='lat' dir='ltr'><strong>Sacerdos?</strong></span> 
     </span>
     <span class='ocr_line' id='line_1_19' title="bbox 57 1569 841 1641; baseline -0.004 -14"><span class='ocrx_word' id='word_1_129' title='bbox 57 1570 181 1628; x_wconf 81' lang='lat' dir='ltr'><strong>raetorius</strong></span> <span class='ocrx_word' id='word_1_130' title='bbox 200 1570 271 1624; x_wconf 90' lang='lat' dir='ltr'><strong>utin</strong></span> <span class='ocrx_word' id='word_1_131' title='bbox 289 1569 397 1625; x_wconf 87' lang='lat' dir='ltr'><strong>insulem</strong></span> <span class='ocrx_word' id='word_1_132' title='bbox 410 1569 594 1641; x_wconf 76' lang='lat' dir='ltr'><strong>dependeretur,</strong></span> <span class='ocrx_word' id='word_1_133' title='bbox 613 1571 723 1626; x_wconf 89' lang='lat' dir='ltr'><strong>Pontius</strong></span> <span class='ocrx_word' id='word_1_134' title='bbox 740 1569 841 1641; x_wconf 74' lang='lat' dir='ltr'><strong>Fregel·</strong></span> 
     </span>
     <span class='ocr_line' id='line_1_20' title="bbox 39 1589 841 1718; baseline 0 -17"><span class='ocrx_word' id='word_1_135' title='bbox 39 1589 117 1706; x_wconf 56' lang='lat' dir='ltr'><strong>Enna</strong></span> <span class='ocrx_word' id='word_1_136' title='bbox 136 1645 270 1700; x_wconf 86' lang='lat' dir='ltr'><strong>emitteret</strong></span> <span class='ocrx_word' id='word_1_137' title='bbox 287 1645 401 1702; x_wconf 86' lang='lat' dir='ltr'><strong>ordinem</strong></span> <span class='ocrx_word' id='word_1_138' title='bbox 419 1647 581 1716; x_wconf 83' lang='lat' dir='ltr'><strong>senatorium,</strong></span> <span class='ocrx_word' id='word_1_139' title='bbox 599 1650 626 1702; x_wconf 89' lang='lat' dir='ltr'><strong>et</strong></span> <span class='ocrx_word' id='word_1_140' title='bbox 644 1646 738 1702; x_wconf 81' lang='lat' dir='ltr'><strong>eedem</strong></span> <span class='ocrx_word' id='word_1_141' title='bbox 761 1663 841 1718; x_wconf 79' lang='lat' dir='ltr'><strong>poenae</strong></span> 
     </span>
     <span class='ocr_line' id='line_1_21' title="bbox 39 1719 842 1792; baseline -0.001 -14"><span class='ocrx_word' id='word_1_142' title='bbox 39 1724 69 1778; x_wconf 90' lang='lat' dir='ltr'><strong>in</strong></span> <span class='ocrx_word' id='word_1_143' title='bbox 85 1721 203 1778; x_wconf 83' lang='lat' dir='ltr'><strong>Leelium</strong></span> <span class='ocrx_word' id='word_1_144' title='bbox 226 1719 333 1776; x_wconf 82' lang='lat' dir='ltr'><strong>Bulbum</strong></span> <span class='ocrx_word' id='word_1_145' title='bbox 353 1722 540 1788; x_wconf 63' lang='lat' dir='ltr'><strong>decernentem</strong></span> <span class='ocrx_word' id='word_1_146' title='bbox 559 1721 586 1776; x_wconf 90' lang='lat' dir='ltr'><strong>id</strong></span> <span class='ocrx_word' id='word_1_147' title='bbox 603 1721 705 1792; x_wconf 86' lang='lat' dir='ltr'><strong>quidem</strong></span> <span class='ocrx_word' id='word_1_148' title='bbox 722 1739 738 1776; x_wconf 83' lang='lat' dir='ltr'><strong>a</strong></span> <span class='ocrx_word' id='word_1_149' title='bbox 754 1721 842 1777; x_wconf 77' lang='lat' dir='ltr'><strong>leten-</strong></span> 
     </span>
     <span class='ocr_line' id='line_1_22' title="bbox 39 1797 841 1872; baseline 0 -18"><span class='ocrx_word' id='word_1_150' title='bbox 39 1799 122 1864; x_wconf 83' lang='lat' dir='ltr'><strong>tibue,</strong></span> <span class='ocrx_word' id='word_1_151' title='bbox 136 1797 199 1870; x_wconf 88' lang='lat' dir='ltr'><strong>quie</strong></span> <span class='ocrx_word' id='word_1_152' title='bbox 210 1797 306 1852; x_wconf 82' lang='lat' dir='ltr'><strong>Balbus</strong></span> <span class='ocrx_word' id='word_1_153' title='bbox 315 1799 382 1854; x_wconf 87' lang='lat' dir='ltr'><strong>trnei</strong></span> <span class='ocrx_word' id='word_1_154' title='bbox 391 1799 535 1872; x_wconf 84' lang='lat' dir='ltr'><strong>eloquentis</strong></span> <span class='ocrx_word' id='word_1_155' title='bbox 545 1797 693 1866; x_wconf 79' lang='lat' dir='ltr'><strong>hebebatur,</strong></span> <span class='ocrx_word' id='word_1_156' title='bbox 706 1802 841 1870; x_wconf 86' lang='lat' dir='ltr'><strong>promptus</strong></span> 
     </span>
     <span class='ocr_line' id='line_1_23' title="bbox 39 1873 316 1931; baseline -0.011 0"><span class='ocrx_word' id='word_1_157' title='bbox 39 1875 183 1931; x_wconf 82' lang='lat' dir='ltr'><strong>adversum</strong></span> <span class='ocrx_word' id='word_1_158' title='bbox 194 1873 316 1928; x_wconf 86' lang='lat' dir='ltr'><strong>insontes.</strong></span> 
     </span>
    </p>

    <p class='ocr_par' dir='ltr' id='par_1_4' title="bbox 9 1949 888 2784">
     <span class='ocr_line' id='line_1_24' title="bbox 75 1949 888 2024; baseline -0.005 -16"><span class='ocrx_word' id='word_1_159' title='bbox 75 1949 170 2008; x_wconf 84' lang='lat' dir='ltr'><strong>Isdem</strong></span> <span class='ocrx_word' id='word_1_160' title='bbox 183 1949 272 2004; x_wconf 87' lang='lat' dir='ltr'><strong>diebus</strong></span> <span class='ocrx_word' id='word_1_161' title='bbox 286 1951 344 2006; x_wconf 81' lang='lat' dir='ltr'><strong>Sex.</strong></span> <span class='ocrx_word' id='word_1_162' title='bbox 357 1950 488 2022; x_wconf 78' lang='lat' dir='ltr'><strong>Papinius,</strong></span> <span class='ocrx_word' id='word_1_163' title='bbox 502 1951 628 2006; x_wconf 81' lang='lat' dir='ltr'><strong>consulari</strong></span> <span class='ocrx_word' id='word_1_164' title='bbox 639 1951 741 2021; x_wconf 84' lang='lat' dir='ltr'><strong>familia,</strong></span> <span class='ocrx_word' id='word_1_165' title='bbox 753 1969 840 2024; x_wconf 87' lang='lat' dir='ltr'><strong>repen·</strong></span> <span class='ocrx_word' id='word_1_166' title='bbox 849 1951 888 2005; x_wconf 81' lang='lat'><strong>49</strong></span> 
     </span>
     <span class='ocr_line' id='line_1_25' title="bbox 36 2025 840 2102; baseline 0 -18"><span class='ocrx_word' id='word_1_167' title='bbox 36 2029 129 2084; x_wconf 87' lang='lat' dir='ltr'><strong>tinum</strong></span> <span class='ocrx_word' id='word_1_168' title='bbox 153 2028 182 2080; x_wconf 87' lang='lat' dir='ltr'><strong>et</strong></span> <span class='ocrx_word' id='word_1_169' title='bbox 205 2025 339 2080; x_wconf 85' lang='lat' dir='ltr'><strong>informem</strong></span> <span class='ocrx_word' id='word_1_170' title='bbox 362 2027 461 2082; x_wconf 85' lang='lat' dir='ltr'><strong>exitum</strong></span> <span class='ocrx_word' id='word_1_171' title='bbox 479 2026 580 2100; x_wconf 84' lang='lat' dir='ltr'><strong>delegit,</strong></span> <span class='ocrx_word' id='word_1_172' title='bbox 595 2029 667 2102; x_wconf 85' lang='lat' dir='ltr'><strong>jaoto</strong></span> <span class='ocrx_word' id='word_1_173' title='bbox 683 2029 711 2083; x_wconf 90' lang='lat' dir='ltr'><strong>in</strong></span> <span class='ocrx_word' id='word_1_174' title='bbox 728 2047 840 2101; x_wconf 80' lang='lat' dir='ltr'><strong>preceps</strong></span> 
     </span>
     <span class='ocr_line' id='line_1_26' title="bbox 36 2101 865 2176; baseline 0.006 -19"><span class='ocrx_word' id='word_1_175' title='bbox 36 2119 160 2176; x_wconf 83' lang='lat' dir='ltr'><strong>eorpore.</strong></span> <span class='ocrx_word' id='word_1_176' title='bbox 198 2101 283 2156; x_wconf 82' lang='lat' dir='ltr'><strong>Causa</strong></span> <span class='ocrx_word' id='word_1_177' title='bbox 302 2101 335 2157; x_wconf 87' lang='lat' dir='ltr'><strong>ed</strong></span> <span class='ocrx_word' id='word_1_178' title='bbox 351 2107 459 2158; x_wconf 83' lang='lat' dir='ltr'><strong>matrem</strong></span> <span class='ocrx_word' id='word_1_179' title='bbox 476 2103 642 2172; x_wconf 83' lang='lat' dir='ltr'><strong>referebatur,</strong></span> <span class='ocrx_word' id='word_1_180' title='bbox 660 2123 723 2176; x_wconf 71' lang='lat' dir='ltr'><strong>quer,</strong></span> <span class='ocrx_word' id='word_1_181' title='bbox 742 2105 865 2176; x_wconf 80' lang='lat' dir='ltr'><strong>pridem2</strong></span> 
     </span>
     <span class='ocr_line' id='line_1_27' title="bbox 35 2177 840 2254; baseline -0.001 -17"><span class='ocrx_word' id='word_1_182' title='bbox 35 2177 189 2254; x_wconf 82' lang='lat' dir='ltr'><strong>repudiate,</strong></span> <span class='ocrx_word' id='word_1_183' title='bbox 208 2177 422 2234; x_wconf 81' lang='lat' dir='ltr'><strong>assentationibus</strong></span> <span class='ocrx_word' id='word_1_184' title='bbox 440 2183 517 2252; x_wconf 87' lang='lat' dir='ltr'><strong>etque</strong></span> <span class='ocrx_word' id='word_1_185' title='bbox 540 2181 603 2236; x_wconf 85' lang='lat' dir='ltr'><strong>luxu</strong></span> <span class='ocrx_word' id='word_1_186' title='bbox 625 2181 777 2254; x_wconf 79' lang='lat' dir='ltr'><strong>perpuiisset</strong></span> <span class='ocrx_word' id='word_1_187' title='bbox 799 2182 840 2254; x_wconf 86' lang='lat' dir='ltr'><strong>ju-</strong></span> 
     </span>
     <span class='ocr_line' id='line_1_28' title="bbox 35 2253 839 2328; baseline 0 -14"><span class='ocrx_word' id='word_1_188' title='bbox 35 2273 137 2314; x_wconf 78' lang='lat' dir='ltr'><strong>venem</strong></span> <span class='ocrx_word' id='word_1_189' title='bbox 149 2253 182 2308; x_wconf 87' lang='lat' dir='ltr'><strong>ed</strong></span> <span class='ocrx_word' id='word_1_190' title='bbox 194 2271 343 2325; x_wconf 76' lang='lat' dir='ltr'><strong>eoquorum</strong></span> <span class='ocrx_word' id='word_1_191' title='bbox 358 2254 479 2328; x_wconf 84' lang='lat' dir='ltr'><strong>effugium</strong></span> <span class='ocrx_word' id='word_1_192' title='bbox 493 2257 594 2312; x_wconf 84' lang='lat' dir='ltr'><strong>nonnisi</strong></span> <span class='ocrx_word' id='word_1_193' title='bbox 609 2261 691 2312; x_wconf 87' lang='lat' dir='ltr'><strong>morte</strong></span> <span class='ocrx_word' id='word_1_194' title='bbox 706 2257 839 2314; x_wconf 85' lang='lat' dir='ltr'><strong>inveniret.</strong></span> 
     </span>
     <span class='ocr_line' id='line_1_29' title="bbox 11 2332 866 2406; baseline -0.004 -15"><span class='ocrx_word' id='word_1_195' title='bbox 11 2334 135 2406; x_wconf 77' lang='lat' dir='ltr'><strong>&#39;Igitur</strong></span> <span class='ocrx_word' id='word_1_196' title='bbox 160 2335 278 2386; x_wconf 81' lang='lat' dir='ltr'><strong>eeeusete</strong></span> <span class='ocrx_word' id='word_1_197' title='bbox 300 2332 328 2388; x_wconf 89' lang='lat' dir='ltr'><strong>in</strong></span> <span class='ocrx_word' id='word_1_198' title='bbox 351 2337 449 2398; x_wconf 84' lang='lat' dir='ltr'><strong>senatu,</strong></span> <span class='ocrx_word' id='word_1_199' title='bbox 469 2351 613 2404; x_wconf 76' lang='lat' dir='ltr'><strong>quenquam</strong></span> <span class='ocrx_word' id='word_1_200' title='bbox 633 2352 717 2405; x_wconf 82' lang='lat' dir='ltr'><strong>genua</strong></span> <span class='ocrx_word' id='word_1_201' title='bbox 739 2339 866 2405; x_wconf 75' lang='lat' dir='ltr'><strong>petrone</strong></span> 
     </span>
     <span class='ocr_line' id='line_1_30' title="bbox 36 2407 842 2481; baseline 0 -15"><span class='ocrx_word' id='word_1_202' title='bbox 36 2408 233 2473; x_wconf 76' lang='lat' dir='ltr'><strong>advolveretur,</strong></span> <span class='ocrx_word' id='word_1_203' title='bbox 258 2407 406 2479; x_wconf 80' lang='lat' dir='ltr'><strong>luctumque</strong></span> <span class='ocrx_word' id='word_1_204' title='bbox 429 2425 587 2466; x_wconf 83' lang='lat' dir='ltr'><strong>communem</strong></span> <span class='ocrx_word' id='word_1_205' title='bbox 611 2413 638 2465; x_wconf 88' lang='lat' dir='ltr'><strong>et</strong></span> <span class='ocrx_word' id='word_1_206' title='bbox 661 2409 744 2481; x_wconf 87' lang='lat' dir='ltr'><strong>magis</strong></span> <span class='ocrx_word' id='word_1_207' title='bbox 764 2411 842 2466; x_wconf 88' lang='lat' dir='ltr'><strong>imbe-</strong></span> 
     </span>
     <span class='ocr_line' id='line_1_31' title="bbox 35 2483 862 2557; baseline -0.002 -13"><span class='ocrx_word' id='word_1_208' title='bbox 35 2487 133 2544; x_wconf 72' lang='lat' dir='ltr'><strong>sillum</strong></span> <span class='ocrx_word' id='word_1_209' title='bbox 158 2483 205 2540; x_wconf 77' lang='lat' dir='ltr'><strong>tali</strong></span> <span class='ocrx_word' id='word_1_210' title='bbox 222 2503 377 2556; x_wconf 75' lang='lat' dir='ltr'><strong>superesse</strong></span> <span class='ocrx_word' id='word_1_211' title='bbox 395 2483 548 2540; x_wconf 81' lang='lat' dir='ltr'><strong>feminarum</strong></span> <span class='ocrx_word' id='word_1_212' title='bbox 565 2486 677 2542; x_wconf 86' lang='lat' dir='ltr'><strong>animum</strong></span> <span class='ocrx_word' id='word_1_213' title='bbox 694 2487 792 2557; x_wconf 79' lang='lat' dir='ltr'><strong>aliaque</strong></span> <span class='ocrx_word' id='word_1_214' title='bbox 815 2487 862 2552; x_wconf 82' lang='lat' dir='ltr'><strong>iu¹</strong></span> 
     </span>
     <span class='ocr_line' id='line_1_32' title="bbox 9 2560 843 2627; baseline -0.005 -5"><span class='ocrx_word' id='word_1_215' title='bbox 9 2565 21 2582; x_wconf 87' lang='lat'>&#39;</span> <span class='ocrx_word' id='word_1_216' title='bbox 36 2563 159 2622; x_wconf 86' lang='lat' dir='ltr'><strong>eundem</strong></span> <span class='ocrx_word' id='word_1_217' title='bbox 176 2560 287 2618; x_wconf 86' lang='lat' dir='ltr'><strong>dolorem</strong></span> <span class='ocrx_word' id='word_1_218' title='bbox 304 2568 393 2620; x_wconf 82' lang='lat' dir='ltr'><strong>maeste</strong></span> <span class='ocrx_word' id='word_1_219' title='bbox 410 2565 436 2617; x_wconf 88' lang='lat' dir='ltr'><strong>et</strong></span> <span class='ocrx_word' id='word_1_220' title='bbox 454 2563 596 2618; x_wconf 85' lang='lat' dir='ltr'><strong>miserande</strong></span> <span class='ocrx_word' id='word_1_221' title='bbox 613 2564 657 2618; x_wconf 89' lang='lat' dir='ltr'><strong>diu</strong></span> <span class='ocrx_word' id='word_1_222' title='bbox 674 2564 762 2627; x_wconf 79' lang='lat' dir='ltr'><strong>ferret,</strong></span> <span class='ocrx_word' id='word_1_223' title='bbox 779 2562 843 2618; x_wconf 88' lang='lat' dir='ltr'><strong>urbe</strong></span> 
     </span>
     <span class='ocr_line' id='line_1_33' title="bbox 35 2635 843 2708; baseline -0.012 -10"><span class='ocrx_word' id='word_1_224' title='bbox 35 2647 135 2698; x_wconf 83' lang='lat' dir='ltr'><strong>tamen</strong></span> <span class='ocrx_word' id='word_1_225' title='bbox 147 2638 176 2692; x_wconf 90' lang='lat' dir='ltr'><strong>in</strong></span> <span class='ocrx_word' id='word_1_226' title='bbox 188 2637 274 2696; x_wconf 77' lang='lat' dir='ltr'><strong>desem</strong></span> <span class='ocrx_word' id='word_1_227' title='bbox 291 2655 372 2692; x_wconf 85' lang='lat' dir='ltr'><strong>eunos</strong></span> <span class='ocrx_word' id='word_1_228' title='bbox 384 2639 513 2708; x_wconf 84' lang='lat' dir='ltr'><strong>prohibita</strong></span> <span class='ocrx_word' id='word_1_229' title='bbox 528 2642 576 2702; x_wconf 91' lang='lat' dir='ltr'><strong>est,</strong></span> <span class='ocrx_word' id='word_1_230' title='bbox 589 2639 669 2692; x_wconf 87' lang='lat' dir='ltr'><strong>donee</strong></span> <span class='ocrx_word' id='word_1_231' title='bbox 682 2637 765 2688; x_wconf 85' lang='lat' dir='ltr'><strong>minor</strong></span> <span class='ocrx_word' id='word_1_232' title='bbox 775 2635 843 2688; x_wconf 87' lang='lat' dir='ltr'><strong>filius</strong></span> 
     </span>
     <span class='ocr_line' id='line_1_34' title="bbox 36 2713 402 2784; baseline -0.022 -10"><span class='ocrx_word' id='word_1_233' title='bbox 36 2716 178 2775; x_wconf 74' lang='lat' dir='ltr'><strong>tetricum</strong></span> <span class='ocrx_word' id='word_1_234' title='bbox 188 2713 301 2784; x_wconf 81' lang='lat' dir='ltr'><strong>juventae</strong></span> <span class='ocrx_word' id='word_1_235' title='bbox 312 2713 402 2767; x_wconf 82' lang='lat' dir='ltr'><strong>exiret.</strong></span> 
     </span>
    </p>
   </div>
   <div class='ocr_carea' id='block_1_4' title="bbox 0 0 936 2952">
    <p class='ocr_par' dir='ltr' id='par_1_5' title="bbox 0 0 936 2952">
     <span class='ocr_line' id='line_1_35' title="bbox 0 0 936 2952; baseline 0 0"><span class='ocrx_word' id='word_1_236' title='bbox 0 0 936 2952; x_wconf 95' lang='lat' dir='ltr'><strong> </strong></span> 
     </span>
    </p>
   </div>
  </div>
 </body>
</html>
