1960 2952
136 151 167 196 ar
474 136 594 196 Trcmr'

751 204 939 256 [ruccone

113 259 198 314 stirne
209 257 310 314 'liberio
322 275 400 312 cause
410 274 456 312 eur
467 256 588 312 Rhodum
603 256 756 312 abscederet.
793 255 939 324 Imperium

136 335 244 406 adeptus
259 337 394 398 extorrem,
408 333 534 398 infamem,
548 336 582 397 et,
595 335 655 403 post
666 331 830 386 interfectum
842 331 940 384 Postu-

135 428 206 464 mum
215 411 363 480 Agrippam,
374 409 455 464 omnis
468 409 522 479 spei
533 427 647 480 egenam,
660 407 746 478 inopia
754 425 782 461 ac
790 406 852 460 tabe
861 406 942 477 longa

136 486 251 556 peremit,
264 484 397 540 obscuram
408 485 463 539 fore
475 502 564 539 necem
575 484 762 555 longinquitate
773 482 844 537 exilii
856 486 941 536 ratus.

114 563 188 622 4Par
206 579 283 616 cause
299 561 404 616 sevitie
421 561 447 615 in
470 561 648 630 Sempronium
666 559 817 623 Gracchum,
836 559 884 628 qui
905 559 944 612 sa·

137 639 207 694 milia
223 638 310 704 nobili,
324 639 411 693 sollers
429 639 531 710 ingenio
549 642 576 693 et
592 655 669 708 prave
684 635 816 702 ineundus,
829 635 943 690 eandem

137 716 232 770 Julism
261 716 288 768 in
317 715 477 770 matrimonio
505 715 589 770 Marci
613 714 734 784 Agrippae
757 716 942 766 temeraverat.

116 792 195 847 tNec
206 791 228 846 is
240 790 339 846 libidini
353 791 426 846 finis:
444 790 566 846 traditam
581 791 683 844 liberio
699 789 820 861 pervicax
836 788 944 843 adulter

137 868 299 923 coutumacia
310 871 337 922 et
349 867 414 922 odiis
428 867 456 921 in
467 867 587 921 maritum
603 865 770 931 accendebat;
793 864 945 936 litteraeque

138 961 201 1014 ques
213 945 230 997 J
231 943 283 997 ulis
293 943 361 1014 patri
372 946 492 1014 Augusto
504 961 562 998 oum
574 942 741 998 insectatione
752 941 849 996 Tiberii
862 943 945 1012 scrip

116 1020 179 1084 seit,
197 1037 212 1074 a
227 1020 341 1074 Graccho
357 1021 503 1090 compositae
521 1019 696 1074 credebantur.
732 1017 819 1088 igitur
836 1023 945 1073 amotus

138 1097 278 1161 Cercinam,
301 1095 383 1150 Airici
403 1097 480 1150 maris
501 1096 617 1160 insulam,
639 1094 845 1166 quattuordecim
868 1097 946 1150 annis

116 1171 241 1234 'remilium
259 1171 385 1226 toleravit.
422 1171 494 1225 Turre
510 1172 603 1226 milites
621 1171 654 1225 ad
671 1171 765 1225 caedem
783 1171 857 1224 missi
873 1171 946 1226 inve

138 1265 199 1302 nere
219 1248 247 1302 in
269 1247 423 1317 prominenti
446 1247 536 1312 litoris,
558 1247 622 1301 nihil
644 1247 732 1301 letum
755 1247 945 1317 opperientem.

118 1324 257 1382 8Quorum
281 1322 391 1378 adventu
415 1322 492 1376 breve
515 1326 617 1392 tempus
640 1324 739 1394 petivit,
764 1327 795 1376 ut
821 1341 947 1393 suprema

139 1399 259 1454 mandate
273 1399 349 1453 uxori
366 1398 478 1452 Alliariae
494 1417 539 1468 per
555 1394 654 1453 litteras
671 1399 751 1464 daret,
765 1398 948 1470 cervicemque

139 1475 330 1546 percussoribus
347 1473 448 1538 obtuht,
466 1475 610 1528 constantia
626 1476 716 1529 mortis
734 1474 803 1528 haud
819 1475 948 1548 indiguus

118 1551 289 1620 sfiempronio
306 1550 422 1604 nomine:
442 1551 496 1604 vita
514 1550 718 1621 degeneraverat.
755 1550 870 1609 Quidam
893 1571 947 1606 uon

140 1629 224 1683 Roma
235 1645 278 1682 eos
288 1627 382 1681 milites
395 1625 440 1680 sed
449 1626 481 1681 ab
492 1627 524 1681 L.
535 1629 680 1697 Asprenate
686 1627 837 1698 proconsule
847 1629 947 1683 Africa

140 1704 231 1759 missos
243 1702 378 1767 tradidere,
389 1705 493 1756 auctore
505 1701 614 1767 Tiberio,
624 1703 669 1773 qui
680 1704 773 1758 lamam
780 1703 859 1758 caedis
870 1723 948 1776 posse

140 1788 168 1842 in
179 1789 349 1858 Asprenatem
361 1785 428 1840 verti
439 1785 537 1838 frustra
548 1790 702 1856 speraverat.

96 1865 135 1918 54
175 1863 248 1918 Idem
267 1880 347 1916 annus
365 1879 444 1915 novas
465 1861 622 1916 cerimonias
643 1861 740 1932 accepit
762 1861 851 1916 addito
874 1864 949 1919 soda-

140 1939 203 1992 lium
226 1937 407 2008 Augustalium
428 1937 576 2002 sacerdotio,
601 1941 632 1991 ut
656 1937 782 2008 quondum
807 1938 835 1992 Τ.
853 1939 948 1996 Tatius

141 2012 281 2068 retinendis
300 2013 451 2071 Sabinorum
470 2014 548 2067 sacris
569 2012 667 2068 sodales
685 2014 767 2068 Titios
784 2013 947 2071 instituerat.

32 2161 34 2164 Ι
71 2092 74 2096 ’
120 2089 217 2146 usone
232 2089 303 2144 ducti
319 2107 334 2143 e
350 2088 502 2159 primoribus
519 2089 630 2144 civitatis
648 2108 715 2144 unus
732 2093 758 2144 et
774 2091 886 2160 viginti:
907 2094 948 2148 'li-

141 2164 227 2220 berius
244 2166 396 2235 Drususque
412 2168 438 2218 et
449 2164 577 2218 Claudius
595 2169 621 2218 et
638 2167 803 2220 Germanicus
820 2167 949 2238 adjiciun-

68 2265 73 2272 ·
121 2245 193 2299 3tnr.
228 2241 318 2296 Ludos
331 2240 495 2310 Augustales,
508 2244 571 2295 tunc
588 2241 697 2310 primum
710 2246 815 2312 coeptos,
828 2245 948 2300 turbavit

120 2317 268 2374 sdiscordia
287 2334 320 2370 ex
338 2315 476 2370 certamine
493 2315 653 2370 histrionum.
690 2317 836 2372 Indulserat
860 2321 889 2374 ei.
910 2321 949 2376 lu·

74 2401 78 2410 ⁴
133 2392 213 2446 *dicto
234 2395 378 2466 Augustus,
398 2390 459 2444 dum
479 2391 617 2445 Mecenati
634 2392 793 2464 obtemperat
815 2394 900 2451 effuso
923 2399 950 2452 irr

144 2484 255 2520 amorem
266 2465 395 2534 Bathylli3
411 2482 493 2534 neque
505 2466 559 2536 ipse
572 2466 723 2522 abhorrebat
735 2469 830 2524 tahbus
843 2473 948 2540 studiis

123 2545 171 2600 set
181 2541 253 2595 civile
264 2540 369 2594 rebatur
378 2539 478 2593 misceri
487 2541 662 2612 voluptatibus
670 2544 747 2615 vulgi.
776 2546 836 2610 Aha
843 2547 950 2604 Tiberio

144 2634 244 2669 morum
261 2616 318 2668 via:
337 2613 383 2667 sed
398 2616 519 2684 populum
535 2635 581 2686 per
596 2622 638 2672 tot
654 2639 734 2676 anuos
750 2623 864 2678 molliter
880 2627 950 2684 habi·

144 2694 202 2743 tum
212 2689 325 2744 nondum
337 2687 446 2743 audebat
458 2690 491 2744 ad
502 2691 604 2746 duriora
615 2698 723 2752 vertere.
