1960 2952
41 155 58 194 Δ
76 154 95 194 D
112 153 158 202 m
259 89 458 138 ANNALIUM
476 89 498 138 1.
518 91 620 138 ls-ae.
819 95 847 142 lt

40 204 189 274 quominus
201 200 330 264 invidiam,
348 199 554 263 misericordiam,
567 201 674 263 metum,
687 201 714 254 st
725 198 777 254 iras
791 215 847 270 per·

42 281 183 334 movercnt.
220 277 374 331 ⁴decurritur
387 275 419 330 ab
430 275 564 339 universis,
577 279 605 330 et
622 291 723 330 mrcera
741 275 847 330 effracto

42 356 146 412 solvunt
155 353 266 418 vincola
276 353 470 422 desertoresque
478 369 508 406 sc
519 369 606 406 rerum
617 351 763 423 capitelium
775 351 845 408 dam·

42 435 116 486 natos
129 431 180 484 sibi
190 430 245 500 jam
256 430 373 484 miscent.

75 505 239 576 Flagrantior
256 504 316 559 inde
331 504 379 568 vis,
396 503 482 575 plures
498 501 618 557 seditioni
636 497 730 558 thoes:
758 507 785 559 ct
801 505 893 562 lli-22

43 583 152 638 belenus
165 581 270 651 quidam
282 580 414 651 gregarius
427 579 506 643 miles,
519 583 579 634 ante
591 579 704 634 tribunal
715 579 793 636 Blmsi
805 580 846 636 ad-

44 660 145 715 levatus
157 657 380 712 circumstantium
397 656 519 719 humeris,
532 655 600 726 apud
618 655 736 710 turbatos
746 661 773 711 et
786 657 848 728 quid

43 738 146 806 pararet
157 733 281 796 intentos,
297 733 373 786 “Vos
386 731 515 802 quidem,''
528 733 620 803 inquit,
635 733 696 786 “his
709 733 849 788 innocenti·

43 812 93 866 bus
112 814 140 865 et
160 809 309 863 miserrimis
331 807 413 863 lucem
435 811 461 862 et
481 808 599 878 spiritum
621 807 786 864 reddidistis:
805 807 850 864 sed

45 888 104 958 quis
116 885 195 940 fratri
205 903 263 938 meo
274 884 362 948 vitam,
376 884 433 954 quis
450 884 555 939 fratrem
567 884 630 940 mihi
648 883 755 939 redditi
774 903 850 956 quem

46 965 156 1018 missum
175 960 208 1014 ed
225 979 271 1015 vos
290 978 305 1014 a
323 959 474 1014 Germanico
492 960 607 1016 exercitu
624 959 657 1015 de
674 961 850 1017 communibus

48 1037 197 1100 commodis,
209 1041 285 1091 nocte
297 1036 412 1106 proxima
422 1036 550 1107 jugulavit
561 1055 607 1107 per
617 1035 769 1107 gladiatores
781 1055 849 1103 suos,

46 1133 111 1186 quos
123 1114 152 1168 in
160 1113 269 1168 exitium
278 1112 389 1166 militum
397 1112 475 1166 habet
487 1116 565 1183 etque
575 1117 666 1167 armat.
703 1113 874 1186 Respondes

45 1191 139 1255 Blssse,
152 1189 198 1243 ubi
210 1188 318 1243 csdarer
332 1188 462 1259 abjeceris.
499 1189 541 1243 Ne
553 1189 641 1244 hostes
654 1188 755 1260 quidem
768 1189 850 1262 sepul·

46 1273 108 1324 ture
131 1265 256 1320 invident.
305 1265 372 1318 Cum
396 1265 497 1330 osculis,
523 1281 582 1320 cum
605 1265 715 1320 lacrimis
739 1266 874 1328 dolorams

46 1361 135 1398 meum
152 1341 299 1412 implevero,
313 1358 354 1395 me
370 1359 471 1412 quoque
483 1341 607 1396 trucidari
617 1341 687 1413 jube,
701 1341 763 1398 dum
774 1343 852 1398 inter·

47 1421 132 1475 lectos
153 1418 253 1472 nullum
274 1416 307 1471 ob
327 1416 417 1482 scelus,
443 1417 489 1473 sed
509 1418 569 1489 quia
591 1418 700 1474 utilitati
722 1419 854 1491 legionum

48 1494 255 1558 consulebamus,
269 1493 296 1547 hi
308 1493 459 1564 sepeliant?

84 1569 247 1627 Incendebat
265 1569 320 1624 hac
340 1570 411 1634 fletu,
431 1573 458 1625 et
478 1573 570 1642 pectus
592 1574 669 1642 atque
687 1587 717 1626 os
736 1571 853 1627 manibus
862 1582 899 1637 23

49 1649 198 1704 verberans.
235 1646 300 1700 Mor
312 1645 426 1717 disjectis
437 1664 544 1717 qnorum
556 1666 603 1718 per
614 1647 734 1702 humeros
746 1648 877 1705 ruminet

50 1725 139 1789 batur,
152 1739 266 1794 praccps
276 1725 303 1777 ct
315 1722 473 1792 singulorum
484 1723 593 1794 pedibus
605 1721 742 1778 advolutus
754 1725 857 1778 tantum

51 1797 270 1856 consternationis
293 1797 445 1869 invidiaque
467 1799 585 1864 concivit,
610 1803 641 1853 ut
664 1815 724 1870 pars
747 1798 857 1854 militum

52 1876 213 1949 gladiatores
231 1874 276 1944 qui
296 1892 311 1928 c
333 1875 437 1930 servitio
456 1875 534 1930 Bloesi
557 1879 638 1941 erant,
662 1893 722 1946 pars
746 1879 857 1932 ceteram

52 1951 880 2102 tttffslttl'tldssbtttdltfflbffls

52 2105 144 2178 periri,
163 2107 191 2159 et
209 2121 296 2158 servos
314 2103 434 2159 adhibitis
452 2105 607 2160 muciatibus
625 2107 736 2162 sbnucm
753 2107 857 2171 coedem,

53 2199 141 2252 neque
161 2179 200 2235 illi
220 2179 300 2234 luisse
320 2198 434 2250 unquam
457 2179 564 2236 fratrem
584 2183 765 2253 pernotuisset‚
791 2181 860 2237 baud

53 2258 170 2313 multum
188 2255 222 2310 ab
241 2255 320 2310 exitio
337 2256 417 2327 legati
435 2257 548 2312 aberant.
584 2259 712 2314 Tribunos
729 2263 817 2314 tumen
830 2269 884 2315 ecs

54 2333 212 2406 praefectum
235 2335 379 2387 castrorum
401 2335 549 2388 extrusere:
578 2336 683 2390 saucium
706 2335 862 2407 fngientium

55 2409 186 2480 direptam
205 2412 233 2463 et
249 2409 365 2464 centurio
381 2408 497 2465 Lucilius
514 2411 675 2478 interficitur,
689 2412 732 2466 oni
748 2411 862 2466 militari·

56 2486 108 2542 bus
127 2484 230 2540 facetiis
248 2484 400 2540 vocabulum
420 2486 484 2540 Ocelo
504 2489 609 2540 alteram
624 2485 777 2548 indiderant,
796 2485 863 2551 quia,

57 2561 147 2618 fracta
158 2561 213 2616 rite
225 2561 254 2615 in
265 2563 340 2630 tergo
351 2559 448 2624 militis,
462 2561 568 2614 alteram
580 2561 649 2614 clara
659 2575 722 2612 voce
734 2575 764 2610 oc
776 2571 866 2608 rursus

59 2637 139 2694 aliem
158 2635 291 2710 poscebat.
328 2635 435 2690 Ceteros
454 2635 559 2690 latebra
575 2637 673 2692 texero,
693 2647 746 2683 uno
766 2628 889 2680 retent⁰⁵

905 2757 966 2894 d
