1960 2952
16 202 128 252 AM]
242 139 437 192 snusniuir
456 144 476 191 1.
488 144 591 192 u-ss.
784 147 815 196 2,

16 253 68 310 mul
85 251 291 308 udolesoeiitibus
306 257 456 308 exensstuiii
472 253 587 325 quiedam
599 253 632 310 sd
646 257 746 325 petrem
761 255 818 326 reji-

15 349 80 396 eere,
100 329 303 398 resistentesque
321 329 472 386 Germanioo
490 334 535 384 sut
556 331 644 385 Druso
662 347 737 401 posse
755 349 770 386 s
788 349 818 386 se

15 406 130 478 mitigaii
147 404 190 458 vel
207 404 327 476 infringi.
351 405 420 476 quod
437 405 506 461 uiiud
527 406 676 472 subsidium,
696 407 720 461 si
739 406 816 478 irripe-

14 487 129 538 ratorem
147 481 324 552 sprevissent?
346 482 468 537 Ceterum
486 487 517 537 ut
532 484 586 554 juin
603 483 705 554 jamque
723 483 838 549 iturust

14 558 78 630 legit
91 558 207 622 eomites,
221 558 373 627 eouquisivit
385 558 573 629 impedimento,
582 559 714 615 ademerit
726 579 815 616 nuiss:

16 653 76 694 mox
96 626 208 690 biemei'n
229 642 274 689 eut
294 636 398 706 negotiu
421 638 490 692 varie
510 646 630 692 causatus
654 639 736 708 primo
756 656 816 709 pru-

15 712 115 777 dentes,
129 711 189 766 dein
200 711 313 782 vulgum,
326 711 469 768 diutissime
481 714 624 784 provincius
635 713 733 769 fefellit.

18 831 20 834 -
49 791 88 862 At
102 787 277 852 Germanicus,
291 806 436 859 quanquam
451 792 583 844 eontreeto
595 790 710 844 exercitu
730 793 757 844 st
774 787 862 861 ΜΒ

16 869 72 922 rete
83 865 112 920 iii
124 864 267 918 defectores
279 864 384 929 ultione,
396 865 507 920 dandum
520 866 603 921 adhue
615 865 727 936 spatium
736 871 815 932 retus,

16 943 36 996 si
54 941 155 998 recenti
173 940 288 1010 exemplo
307 941 356 995 sibi
372 941 422 1011 ipsi
439 942 609 1006 eonsulererit‚
627 941 761 1012 premittit
776 943 816 998 lit·

16 1017 130 1073 terasnd
146 1017 282 1080 Caeoinem,
294 1017 381 1072 venire
393 1035 421 1072 se
438 1017 522 1073 valide
539 1036 617 1072 manu
634 1037 671 1083 iio,
683 1018 710 1072 ni
723 1019 816 1090 suppli-

17 1096 83 1149 eiuni
95 1095 124 1148 iii
133 1093 213 1147 maios
226 1096 388 1162 presumunt,
398 1111 506 1148 usurum
514 1093 641 1165 promisee
652 1094 728 1150 eoede.
764 1097 838 1152 Eunt

17 1171 118 1226 Ooeeine
136 1168 276 1239 aquiliferis
293 1169 479 1239 signiferisque,
502 1176 529 1224 et
547 1169 616 1241 quod
636 1171 745 1226 maxime
763 1190 816 1226 ess·

16 1249 115 1305 trorum
127 1247 255 1300 sincerum
267 1250 330 1309 eret,
343 1245 443 1300 ooeulte
454 1245 554 1311 recitet,
568 1251 648 1317 utque
660 1251 766 1302 enunties
780 1249 816 1303 iii-

16 1324 105 1389 funiiae,
120 1342 148 1378 se
167 1323 236 1393 ipsos
251 1322 334 1388 morti,
347 1323 459 1376 eximent
475 1323 610 1378 hortetur:
633 1341 692 1378 nuni
710 1325 738 1379 iii
754 1343 816 1395 pnoe

17 1397 375 1466 musasetmeritsspeeturi;
394 1399 438 1454 ubi
447 1398 540 1454 belluni
549 1399 660 1468 ingruat,
668 1399 816 1456 innoeentes

17 1494 41 1532 ue
68 1477 164 1532 noxios
185 1476 261 1546 juxte
284 1474 381 1530 eadere.
417 1475 461 1530 Illi
487 1475 594 1530 tentetis
622 1493 687 1544 quos
712 1476 838 1532 idoneost

17 1555 145 1617 rebantur,
159 1555 295 1622 postquam
306 1551 426 1622 mojorem
442 1552 572 1624 legionum
583 1557 681 1622 purtem
697 1552 724 1606 iii
735 1553 816 1606 officio

18 1631 111 1694 vident,
125 1629 158 1683 de
170 1627 298 1683 sententia
313 1627 391 1698 legati
408 1633 527 1682 statuunt
543 1632 717 1699 tempusque
732 1627 816 1682 foedis-

19 1706 108 1761 sinum
121 1721 249 1776 quemque
261 1707 288 1758 et
305 1703 424 1758 seditioni
441 1708 589 1774 promptum
605 1704 673 1758 ferro
685 1702 814 1758 insederit.

19 1781 86 1838 'bine
99 1783 177 1853 signo
192 1781 261 1834 iuter
278 1797 306 1834 se
318 1777 378 1834 duto
394 1780 540 1850 irrumpunt
552 1777 726 1841 contubernia,
739 1778 839 1832 truci-4

20 1856 75 1914 dunt
98 1859 211 1930 ignaros,
231 1855 302 1910 nullo
318 1856 369 1910 nisi
386 1856 494 1911 eonsoiis
513 1858 636 1910 noscente
654 1853 723 1924 quod
740 1854 815 1909 ooedis

20 1933 125 2000 initium,
139 1933 198 2004 quis
209 1933 275 1988 finis.

48 2013 161 2066 Diversa
178 2009 368 2079 omniumque
384 2027 496 2080 unquam
513 2007 634 2073 tesidere,
651 2007 763 2063 civilium
777 2013 861 2067 ier-49

21 2103 112 2143 norum
125 2086 213 2141 feoies.
250 2085 312 2140 Non
326 2085 419 2155 pretio,
437 2103 490 2140 non
506 2085 619 2140 adversis
631 2103 645 2138 e
657 2085 756 2149 uestris,
770 2085 837 2142 sedt

20 2159 93 2220 iidem
106 2183 121 2218 e
134 2161 270 2226 eubilibus,
280 2180 343 2232 quos
356 2161 432 2216 simul
440 2167 572 2216 vescentes
585 2160 647 2225 dies,
659 2160 735 2214 simul
747 2161 815 2230 quie·

20 2242 55 2294 tos
72 2259 129 2296 nox
150 2238 282 2302 habuerat,
301 2237 437 2292 discedunt
454 2238 482 2292 in
499 2241 593 2308 portes,
616 2237 738 2308 ingerunt
755 2236 814 2291 tels.

22 2313 123 2380 timor,
136 2314 251 2378 vulnere,
270 2314 374 2384 sanguis
389 2312 480 2384 pulum
499 2331 576 2368 ceusu
594 2312 622 2367 in
640 2312 758 2376 oeonlto;
777 2329 815 2365 ee

20 2391 68 2446 tere
81 2394 138 2447 fors
155 2391 231 2462 regit.
266 2390 302 2444 Et
322 2389 425 2460 quidem
444 2389 568 2444 bonorum
586 2389 652 2452 sesi,
671 2391 837 2458 postquam

22 2467 144 2526 intellecto
155 2469 184 2524 in
196 2486 260 2539 quos
272 2468 413 2534 seviretur,
420 2468 525 2536 pessimi
534 2485 634 2537 quoque
647 2483 717 2520 arms
727 2483 815 2534 repue-

22 2551 77 2602 mit.
115 2546 211 2616 Neque
232 2545 332 2615 legatus
353 2548 398 2598 out
416 2543 536 2598 tribunus
552 2541 697 2596 moderator
715 2541 814 2592 edfiiit:

23 2625 138 2688 permissa
155 2621 235 2691 vulgo
252 2621 355 2674 lieentia
373 2623 450 2688 etque
468 2618 534 2671 ultio
552 2621 579 2670 et
598 2615 711 2668 satietas.
751 2612 840 2662 Moxt

23 2694 145 2768 ingressus
161 2699 248 2752 eastra
264 2694 440 2756 Germanicus,
451 2709 505 2746 uon
519 2688 671 2742 medisinam
686 2681 750 2734 illud
764 2679 818 2742 piu·
