1936 2968
192 156 241 204 840
529 157 651 207 neem
942 205 944 218 ,

824 218 905 268 [nou
943 229 944 232 ¹

191 266 313 322 Armenia
327 269 354 322 et
369 265 492 322 firmanda
508 285 571 338 pace
588 267 734 339 respondet.
768 268 902 324 Monesero
921 264 925 275 '
943 325 944 334 .

167 341 247 398 6tere
268 343 475 414 'lignanocertam
493 343 583 414 jubet;
602 345 657 415 ipse
672 349 743 400 retro
763 344 872 400 coneedit.
897 341 944 398 nar

191 419 277 490 plnres
294 423 325 474 ut
343 418 478 476 foruridiue
496 421 565 492 regis
583 425 610 477 et
628 417 780 478 Corbulonis
795 421 860 476 minis
872 421 944 492 pstea

169 509 221 555 nae
236 495 371 566 magnifica
386 495 549 552 extollebant.
586 497 640 552 sni
654 498 755 554 occulte
769 498 880 569 pepigisse
890 497 944 551 nae

190 571 365 644 pretabantur,
379 577 410 627 ut
422 573 516 630 omisso
533 574 654 645 utrinque
666 575 733 630 bello
745 579 772 630 et
784 575 878 630 mmo
888 569 944 626 Vola

169 654 251 721 dgese
263 649 385 720 Tigranes
402 667 503 720 quoque
519 651 641 706 Armenia
657 651 811 708 abscederet
843 651 884 706 Gur
896 647 944 703 enin

191 727 331 782 exereitum
354 726 500 782 Romanum
523 746 540 782 a
556 728 746 799 Tigranocertis
764 726 898 784 deductum?
911 736 944 778 cn

191 803 293 860 deserte
309 821 355 875 per
375 804 457 860 otium
475 822 531 874 quae
549 803 615 859 bello
636 804 818 862 defenderent?
834 823 861 859 an
879 798 944 866 nala

191 879 362 936 hibernavisse
378 880 405 936 in
421 885 536 936 extrema
552 881 720 952 Cappadocia,
736 883 825 954 raptim
835 878 944 946 mardrino

169 957 279 1027 lguriis,
289 976 365 1028 quam
376 957 404 1012 in
416 957 476 1012 sede
485 957 558 1028 regui
566 957 641 1012 modo
654 959 767 1014 retenti?
785 957 944 1025 Dbapronui

190 1051 267 1102 arma,
288 1038 318 1089 ut
339 1033 480 1106 Vologeses
503 1051 562 1088 oum
586 1033 635 1089 alio
659 1053 736 1105 quam
759 1053 814 1090 oum
834 1028 944 1087 corbum

189 1114 310 1176 certaret,
324 1110 436 1166 Corbulo
444 1110 542 1165 meritae
554 1114 594 1164 tot
606 1129 653 1180 per
665 1129 744 1166 annos
756 1110 835 1182 glorie
844 1125 885 1162 non
894 1103 944 1159 nltd?

170 1186 331 1257 opericulum
349 1187 451 1242 laceret.
488 1187 564 1252 Nam,
583 1192 613 1242 ut
630 1188 728 1254 rettuli,
747 1187 863 1259 pmprium
876 1182 944 1250 duait}

191 1263 293 1318 tuendae
310 1264 438 1318 Armeniae
455 1269 612 1334 poposcerat,
632 1268 659 1319 et
677 1264 810 1320 adventare
830 1257 944 1326 ΟΜ

169 1338 279 1396 dPetus
291 1339 448 1395 audiebatur.
485 1340 594 1411 Jamque
606 1339 702 1406 aderat,
715 1342 792 1412 copiis
802 1341 836 1397 ita
844 1333 944 1392 dmisd

191 1420 282 1488 quarta
293 1421 320 1472 et
332 1416 481 1472 duodecima
491 1418 613 1488 legiones,
623 1417 711 1472 addita
719 1419 811 1490 quinta
822 1433 869 1488 qua
877 1422 941 1466 redd*

189 1513 204 1550 e
216 1496 306 1552 Moesis
318 1497 402 1552 excita
418 1500 480 1561 erat,
498 1496 573 1552 simul
587 1496 696 1552 Pontica
712 1501 739 1553 et
756 1498 882 1556 Galatarum
893 1489 944 1558 cip.

187 1572 364 1645 pndoeumque
382 1573 475 1628 auxilia
497 1573 571 1628 Paeto
594 1572 735 1640 omdirent,
759 1573 831 1629 tertia
849 1574 871 1625 et
889 1565 943 1620 sexfi¹

189 1653 216 1704 et
232 1649 329 1706 decima
344 1650 456 1722 legiones
478 1649 597 1720 priorque
618 1649 698 1721 Syrie
714 1651 785 1706 miles
799 1646 858 1722 apud
870 1639 939 1724 Μ·

188 1725 272 1781 lonem
286 1734 434 1793 manerent3
453 1729 539 1782 cetera
553 1744 585 1780 ex
599 1744 685 1780 rerum
700 1745 749 1782 usu
764 1726 874 1782 sociarent
885 1717 944 1789 Pb*

167 1808 316 1872 ventusve.
354 1803 405 1860 Sed
420 1822 502 1874 neque
521 1801 632 1860 corbulo
648 1804 733 1860 aemuli
749 1805 855 1876 patiens;
870 1801 891 1852 et
902 1793 944 1849 Pe

187 1883 239 1946 tus,
259 1881 300 1936 cui
318 1881 381 1937 satis
399 1880 432 1936 ad
449 1881 556 1952 gloriam
573 1882 629 1934 eret
647 1879 669 1934 si
687 1882 814 1952 proximus
829 1874 944 1942 mbeetm

187 1955 343 2028 despiciebat
361 1962 440 2029 gesta,
465 1956 529 2012 nihil
552 1955 627 2012 redu
653 1961 698 2012 aut
722 1957 817 2029 preda,
838 1943 944 2038 usurptlfl

186 2034 288 2089 nomine
305 2039 382 2090 lenus
399 2033 501 2090 urbium
520 2034 721 2104 expugnationes
740 2034 864 2090 dictitans:
879 2043 899 2081 sn
909 2025 944 2106 l?

186 2108 250 2164 buta
266 2129 296 2165 ae
311 2111 381 2182 leges
398 2115 425 2166 et
443 2129 489 2181 pro
505 2110 597 2166 umbra
612 2111 680 2182 regis
697 2099 944 2206 Romanumjrsriffl}

163 2186 372 2258 7impositurum.
412 2187 464 2242 Sub
476 2186 544 2242 idem
556 2196 657 2260 tempus
669 2187 750 2260 legati
760 2187 886 2257 Vologese,
896 2185 944 2246 ll*

186 2263 219 2318 ad
230 2265 369 2335 prinoipem
381 2265 472 2320 missos
488 2265 633 2330 memoravi,
647 2269 774 2320 revertere
784 2261 851 2327 irriti,
865 2247 944 2312 bellot!

162 2349 235 2408 nque
253 2340 381 2410 propalam
398 2345 528 2410 smuptum
541 2360 557 2396 a
568 2341 679 2398 Parthis.
716 2342 773 2397 Nec
783 2331 944 2416 Petusdtldb

184 2415 257 2479 tavit,
271 2415 317 2470 sed
332 2415 431 2472 duabus
447 2417 597 2488 legionibus,
615 2437 723 2490 quarum
740 2420 848 2489 quartam
861 2409 944 2468 W

183 2489 256 2544 lanus
268 2490 441 2548 Vettonianus
453 2511 484 2548 eo
494 2494 523 2548 in
534 2498 658 2566 tempore,
675 2493 842 2550 duodecimam
852 2479 944 2582 Ollffl'l

160 2563 291 2620 SSabinus
303 2565 434 2635 regebant,
447 2570 595 2626 Armeniam
604 2563 692 2638 intrat,
705 2569 863 2628 tristiumue.
890 2555 944 2642 ll'}

179 2637 208 2690 in
231 2642 395 2708 transgressu
414 2642 563 2713 Euphratis,
591 2666 668 2718 quem
692 2652 771 2718 ponte
791 2629 932 2716 emittebat

178 2709 250 2766 anilla
271 2713 355 2785 palam
379 2733 456 2772 musa
473 2720 594 2778 trubatus
612 2741 703 2796 equus,
723 2724 768 2799 qui
783 2712 901 2782 consuluit
910 2719 933 2762 Ι·
