1866 2944
116 124 162 170 loa
452 122 571 171 TACITI

753 183 795 232 [A.
808 185 836 223 U.
847 185 868 224 C.
878 184 915 227 m

113 249 189 302 quam
213 231 283 288 locus
308 236 356 298 est,
382 232 443 288 deos
467 233 613 288 inmortales
638 235 722 286 testor
747 233 852 288 vixisse
875 253 916 299 me,

113 307 207 373 Caesar,
229 325 288 364 curn
304 309 354 364 fide
372 309 507 364 adversum
525 321 558 374 te,
577 327 660 379 neque
684 309 735 362 alia
755 309 788 362 in
814 315 918 364 matrem

112 387 185 438 tuam
203 385 314 454 pietate;
333 403 429 456 vosque
453 403 506 452 oro,
525 385 611 440 liberis
628 385 693 439 meis
712 385 872 451 consulatis,
891 403 918 440 er

113 460 206 530 quibus
233 462 279 517 On.
298 462 360 517 Piso
384 461 553 532 qualicunque
576 461 686 516 lortunre
710 479 780 516 meae
806 480 863 517 non
884 465 917 518 aa

114 533 257 608 adjunctus,
276 557 334 594 eum
352 556 426 594 omne
444 538 493 593 hoc
510 543 611 608 tempus
629 538 658 592 in
674 537 743 592 urbe
769 539 867 609 egerit,
884 539 917 592 M.

92 614 174 676 cPiso
192 618 307 686 repetere
326 616 425 686 Syriam
446 614 597 670 dehortatus
621 616 668 668 cst.
707 614 805 684 Atque
824 615 917 670 utinen

114 709 163 761 ego
183 692 268 762 potius
287 691 339 746 filio
353 691 448 763 juveni,
468 709 544 761 quam
560 690 602 744 ille
620 688 688 761 patri
710 691 772 744 seni
795 693 918 746 cessisset

114 770 153 824 Eo
165 770 302 841 impensius
315 787 411 840 preoor,
424 788 457 824 ne
469 787 531 824 meae
543 768 678 839 pravitatis
691 786 788 838 poenas
801 770 917 824 innoxius

94 847 176 902 iluat.
212 847 264 901 Per
275 847 387 917 quinque
399 849 426 900 et
438 845 606 916 quadraginta
616 861 742 898 annorum
757 845 916 918 obsequium,

114 941 161 992 per
173 923 307 994 collegium
316 922 463 977 consulatus
474 921 600 993 quondam
612 920 671 975 divo
681 921 815 991 Augusto
825 921 918 994 parenti

114 1005 161 1056 tuo
178 1001 309 1072 probatus,
328 1004 355 1056 et
372 1000 420 1055 tibi
438 1001 541 1064 anneus,
560 1017 607 1054 nec
625 999 769 1070 quiequam
790 1005 857 1072 post
874 1002 917 1055 hnc

93 1081 259 1148 arogaturns,
279 1078 388 1132 salutem
405 1076 513 1132 infelicis
536 1076 582 1130 filii
605 1076 695 1146 rogo.''
731 1076 782 1132 De
802 1077 919 1132 Plancina

72 1159 106 1214 17
114 1154 177 1209 nihil
186 1154 290 1209 addidit.
327 1154 390 1208 Post
403 1172 460 1225 quaa
471 1153 587 1208 liberius
600 1151 796 1208 adolescentem
818 1155 918 1210 crimine

115 1231 196 1287 civilis
213 1230 272 1286 belli
284 1231 402 1302 purgavit
413 1250 420 1294 ;
441 1229 532 1300 (patris
545 1229 637 1300 quippe
653 1229 727 1299 jussa
741 1247 797 1286 nec
810 1231 917 1302 posuisse

115 1310 193 1364 filium
223 1309 365 1365 detrectare
376 1310 395 1377 3)
420 1308 496 1363 simul
520 1307 680 1362 nobilitatem
708 1306 820 1375 domus,
851 1309 918 1365 etiam

115 1387 195 1458 ipsius
213 1403 315 1457 quoquc
332 1383 408 1440 modo
425 1384 511 1440 meriti
528 1403 632 1455 gravem
655 1401 749 1438 casnm
776 1387 917 1442 miseratus

94 1465 167 1518 2Pro
184 1464 306 1518 Plancina
323 1481 381 1518 eram
399 1459 495 1533 pudore
513 1464 539 1516 et
557 1461 654 1532 flagitio
671 1459 815 1529 disseruit,
836 1461 918 1518 matris

116 1558 203 1611 preces
226 1539 374 1604 obtendens,
400 1539 428 1593 in
455 1557 531 1608 quam
556 1537 647 1608 optimi
671 1537 809 1609 cujusque
835 1537 919 1595 secreti

96 1620 222 1690 aquestus
243 1616 324 1688 magis
348 1613 521 1671 ardescebant.
557 1614 590 1668 Id
608 1631 669 1685 ergo
688 1613 728 1668 faa
751 1616 830 1682 avie,
849 1618 917 1671 inter·

116 1694 246 1749 feetricem
274 1693 375 1763 nepotis
405 1692 524 1763 aspicere,
550 1689 650 1761 alloqui,
675 1690 784 1760 eripere
810 1692 916 1748 senatui

117 1770 195 1830 Quod
209 1787 256 1841 pro
268 1768 385 1823 omnibus
401 1767 499 1823 civibus
516 1767 586 1838 leges
598 1767 742 1832 obtineant,
758 1770 808 1824 uni
821 1771 918 1825 Germa

93 1848 173 1906 anico
185 1865 237 1901 non
249 1845 394 1915 contigisse.
430 1843 529 1898 Vitellii
547 1847 573 1898 et
590 1843 698 1898 Veranii
713 1862 784 1900 voce
802 1846 919 1902 defletum

117 1923 251 1987 Caesarem,
269 1921 300 1976 ab
315 1921 467 1992 imperatore
485 1924 512 1974 et
530 1921 651 1991 Augusta
666 1919 807 1978 defensam
826 1920 919 1978 Planci·

94 2014 182 2060 snam.
218 1999 328 2054 Perinde
342 2015 440 2053 venena
457 1999 484 2052 et
503 2001 571 2052 artes
589 2001 642 2074 tam
663 1996 780 2053 feliciter
802 2003 918 2072 experta

116 2081 227 2132 verteret
254 2079 282 2130 in
305 2075 480 2146 Agrippinam,
504 2074 532 2128 in
555 2073 647 2128 liberos
672 2073 750 2142 ejus3
781 2079 918 2149 egregiam

116 2172 166 2224 que
190 2153 271 2208 aviam
297 2170 327 2207 ec
353 2155 473 2222 patruum
499 2151 622 2222 sauguine
648 2149 804 2208 miserrimae
835 2154 918 2208 domus

94 2230 260 2294 censat-ieret.
310 2228 423 2282 Biduum
449 2245 525 2298 super
548 2226 603 2282 haec
628 2226 740 2298 imagine
763 2227 932 2301 cognitionl!.3

116 2306 287 2373 absumptum,
311 2308 421 2374 urgente
441 2303 542 2358 'liberio
563 2303 656 2358 liberos
673 2303 788 2370 Pisonis,
813 2311 932 2368 metrani

94 2379 156 2436 7uti
171 2382 312 2430 tuerentur.
349 2379 385 2431 nt
401 2397 459 2432 cum
472 2383 633 2434 accusatores
651 2397 680 2434 ac
698 2383 783 2435 testes
803 2371 932 2440 ee1tatiul

117 2454 263 2512 perorarent
286 2451 455 2517 respondente
472 2454 551 2518 nullo,
574 2455 705 2509 miseratio
723 2473 810 2525 quarn
830 2461 915 2516 invidi

96 2517 265 2583 aaugebatur.
300 2521 402 2576 Primus
415 2528 569 2581 sententiam
581 2533 687 2599 rogatus
700 2531 836 2591 Aurelius
849 2537 917 2592 cotta

119 2587 208 2638 consul
232 2591 308 2654 (nam,
326 2595 452 2650 referente
471 2599 580 2664 Caesare,
599 2605 771 2671 magistratus
795 2629 834 2666 eo
854 2605 932 2688 ofiani

16 2727 22 2736 ι
119 2667 223 2708 munere
239 2659 431 2735 fungebantur)
448 2688 542 2727 nomen
558 2676 662 2732 Pisonis
680 2680 840 2742 radendum
856 2688 920 2743 fastu
