<?xml version="1.0" encoding="UTF-8"?>
<!DOCTYPE html PUBLIC "-//W3C//DTD XHTML 1.0 Transitional//EN"
    "http://www.w3.org/TR/xhtml1/DTD/xhtml1-transitional.dtd">
<html xmlns="http://www.w3.org/1999/xhtml" xml:lang="en" lang="en">
 <head>
  <title>
</title>
<meta http-equiv="Content-Type" content="text/html;charset=utf-8" />
  <meta name='ocr-system' content='tesseract 3.04.00' />
  <meta name='ocr-capabilities' content='ocr_page ocr_carea ocr_par ocr_line ocrx_word'/>
</head>
<body>
  <div class='ocr_page' id='page_1' title='image "./opera04tacigoog_0381.png"; bbox 0 0 1936 2968; ppageno 0'>
   <div class='ocr_carea' id='block_1_1' title="bbox 133 189 926 302">
    <p class='ocr_par' dir='ltr' id='par_1_1' title="bbox 133 189 926 302">
     <span class='ocr_line' id='line_1_1' title="bbox 133 189 590 242; baseline -0.004 -2"><span class='ocrx_word' id='word_1_1' title='bbox 133 191 181 242; x_wconf 72' lang='lat'><strong>874</strong></span> <span class='ocrx_word' id='word_1_2' title='bbox 469 189 590 238; x_wconf 68' lang='lat' dir='ltr'><strong>neem</strong></span> 
     </span>
     <span class='ocr_line' id='line_1_2' title="bbox 774 253 926 302; baseline 0 -10"><span class='ocrx_word' id='word_1_3' title='bbox 774 253 926 302; x_wconf 69' lang='lat' dir='ltr'><strong>[suenus</strong></span> 
     </span>
    </p>
   </div>
   <div class='ocr_carea' id='block_1_2' title="bbox 19 301 931 2816">
    <p class='ocr_par' dir='ltr' id='par_1_2' title="bbox 132 301 928 525">
     <span class='ocr_line' id='line_1_3' title="bbox 132 301 927 373; baseline -0.003 -15"><span class='ocrx_word' id='word_1_4' title='bbox 132 305 177 358; x_wconf 88' lang='lat' dir='ltr'><strong>tus</strong></span> <span class='ocrx_word' id='word_1_5' title='bbox 197 302 307 372; x_wconf 74' lang='lat' dir='ltr'><strong>exurgIt</strong></span> <span class='ocrx_word' id='word_1_6' title='bbox 329 302 356 356; x_wconf 87' lang='lat' dir='ltr'><strong>et</strong></span> <span class='ocrx_word' id='word_1_7' title='bbox 379 301 464 356; x_wconf 87' lang='lat' dir='ltr'><strong>omnia</strong></span> <span class='ocrx_word' id='word_1_8' title='bbox 487 301 564 356; x_wconf 86' lang='lat' dir='ltr'><strong>simul</strong></span> <span class='ocrx_word' id='word_1_9' title='bbox 585 303 772 373; x_wconf 74' lang='lat' dir='ltr'><strong>properantur:</strong></span> <span class='ocrx_word' id='word_1_10' title='bbox 799 302 927 356; x_wconf 80' lang='lat' dir='ltr'>clauditur</span> 
     </span>
     <span class='ocr_line' id='line_1_4' title="bbox 133 377 927 449; baseline -0.003 -15"><span class='ocrx_word' id='word_1_11' title='bbox 133 378 256 444; x_wconf 77' lang='lat' dir='ltr'><strong>eubiculo,</strong></span> <span class='ocrx_word' id='word_1_12' title='bbox 267 382 361 449; x_wconf 89' lang='lat' dir='ltr'><strong>preesto</strong></span> <span class='ocrx_word' id='word_1_13' title='bbox 372 383 413 432; x_wconf 90' lang='lat' dir='ltr'><strong>est</strong></span> <span class='ocrx_word' id='word_1_14' title='bbox 424 377 545 444; x_wconf 85' lang='lat' dir='ltr'><strong>medicus,</strong></span> <span class='ocrx_word' id='word_1_15' title='bbox 556 378 740 433; x_wconf 87' lang='lat' dir='ltr'><strong>absoinduntur</strong></span> <span class='ocrx_word' id='word_1_16' title='bbox 748 397 828 443; x_wconf 77' lang='lat' dir='ltr'><strong>venae,</strong></span> <span class='ocrx_word' id='word_1_17' title='bbox 840 379 927 448; x_wconf 85' lang='lat' dir='ltr'><strong>vigens</strong></span> 
     </span>
     <span class='ocr_line' id='line_1_5' title="bbox 133 454 928 525; baseline -0.001 -16"><span class='ocrx_word' id='word_1_18' title='bbox 133 454 216 511; x_wconf 79' lang='lat' dir='ltr'><strong>adhue</strong></span> <span class='ocrx_word' id='word_1_19' title='bbox 227 455 316 510; x_wconf 83' lang='lat' dir='ltr'><strong>balneo</strong></span> <span class='ocrx_word' id='word_1_20' title='bbox 328 455 445 520; x_wconf 87' lang='lat' dir='ltr'><strong>infertur,</strong></span> <span class='ocrx_word' id='word_1_21' title='bbox 458 455 541 509; x_wconf 80' lang='lat' dir='ltr'><strong>calida</strong></span> <span class='ocrx_word' id='word_1_22' title='bbox 551 473 617 525; x_wconf 86' lang='lat' dir='ltr'><strong>aqua</strong></span> <span class='ocrx_word' id='word_1_23' title='bbox 627 458 762 520; x_wconf 74' lang='lat' dir='ltr'><strong>mersatur,</strong></span> <span class='ocrx_word' id='word_1_24' title='bbox 776 455 849 509; x_wconf 92' lang='lat' dir='ltr'><strong>nulla</strong></span> <span class='ocrx_word' id='word_1_25' title='bbox 860 455 928 510; x_wconf 88' lang='lat' dir='ltr'><strong>edita</strong></span> 
     </span>
    </p>

    <p class='ocr_par' dir='ltr' id='par_1_3' title="bbox 108 531 929 907">
     <span class='ocr_line' id='line_1_6' title="bbox 108 531 928 602; baseline -0.001 -16"><span class='ocrx_word' id='word_1_26' title='bbox 108 541 195 587; x_wconf 82' lang='lat' dir='ltr'><strong>4vooe</strong></span> <span class='ocrx_word' id='word_1_27' title='bbox 210 549 261 602; x_wconf 88' lang='lat' dir='ltr'><strong>qua</strong></span> <span class='ocrx_word' id='word_1_28' title='bbox 277 534 358 586; x_wconf 91' lang='lat' dir='ltr'><strong>semet</strong></span> <span class='ocrx_word' id='word_1_29' title='bbox 372 531 543 586; x_wconf 78' lang='lat' dir='ltr'>miseraretur.</span> <span class='ocrx_word' id='word_1_30' title='bbox 581 531 739 586; x_wconf 84' lang='lat' dir='ltr'><strong>Cironmdati</strong></span> <span class='ocrx_word' id='word_1_31' title='bbox 754 532 861 586; x_wconf 80' lang='lat' dir='ltr'><strong>interim</strong></span> <span class='ocrx_word' id='word_1_32' title='bbox 872 549 928 586; x_wconf 88' lang='lat' dir='ltr'><strong>ons·</strong></span> 
     </span>
     <span class='ocr_line' id='line_1_7' title="bbox 133 605 927 679; baseline -0.001 -16"><span class='ocrx_word' id='word_1_33' title='bbox 133 607 203 663; x_wconf 84' lang='lat' dir='ltr'><strong>todia</strong></span> <span class='ocrx_word' id='word_1_34' title='bbox 219 608 263 679; x_wconf 92' lang='lat' dir='ltr'><strong>qui</strong></span> <span class='ocrx_word' id='word_1_35' title='bbox 280 607 355 662; x_wconf 86' lang='lat' dir='ltr'><strong>simul</strong></span> <span class='ocrx_word' id='word_1_36' title='bbox 373 605 560 672; x_wconf 78' lang='lat' dir='ltr'><strong>discubuerant,</strong></span> <span class='ocrx_word' id='word_1_37' title='bbox 579 625 627 662; x_wconf 92' lang='lat' dir='ltr'><strong>nee</strong></span> <span class='ocrx_word' id='word_1_38' title='bbox 643 607 694 662; x_wconf 88' lang='lat' dir='ltr'><strong>nisi</strong></span> <span class='ocrx_word' id='word_1_39' title='bbox 711 611 836 678; x_wconf 85' lang='lat' dir='ltr'><strong>proveeta</strong></span> <span class='ocrx_word' id='word_1_40' title='bbox 853 613 927 662; x_wconf 85' lang='lat' dir='ltr'><strong>noete</strong></span> 
     </span>
     <span class='ocr_line' id='line_1_8' title="bbox 132 684 929 755; baseline -0.001 -16"><span class='ocrx_word' id='word_1_41' title='bbox 132 685 220 739; x_wconf 88' lang='lat' dir='ltr'><strong>omissi</strong></span> <span class='ocrx_word' id='word_1_42' title='bbox 227 687 305 749; x_wconf 87' lang='lat' dir='ltr'><strong>sunt;</strong></span> <span class='ocrx_word' id='word_1_43' title='bbox 322 687 583 755; x_wconf 82' lang='lat' dir='ltr'><strong>postquempavorem</strong></span> <span class='ocrx_word' id='word_1_44' title='bbox 591 701 685 748; x_wconf 89' lang='lat' dir='ltr'><strong>eorum,</strong></span> <span class='ocrx_word' id='word_1_45' title='bbox 696 701 810 738; x_wconf 91' lang='lat' dir='ltr'><strong>emensa</strong></span> <span class='ocrx_word' id='word_1_46' title='bbox 822 684 929 738; x_wconf 84' lang='lat' dir='ltr'><strong>exitium</strong></span> 
     </span>
     <span class='ocr_line' id='line_1_9' title="bbox 132 759 927 832; baseline -0.003 -16"><span class='ocrx_word' id='word_1_47' title='bbox 132 761 326 831; x_wconf 87' lang='lat' dir='ltr'><strong>opperientium‚</strong></span> <span class='ocrx_word' id='word_1_48' title='bbox 351 764 378 815; x_wconf 91' lang='lat' dir='ltr'><strong>et</strong></span> <span class='ocrx_word' id='word_1_49' title='bbox 401 759 555 832; x_wconf 73' lang='lat' dir='ltr'><strong>imaginatus</strong></span> <span class='ocrx_word' id='word_1_50' title='bbox 578 764 606 814; x_wconf 87' lang='lat' dir='ltr'><strong>et</strong></span> <span class='ocrx_word' id='word_1_51' title='bbox 629 759 737 814; x_wconf 87' lang='lat' dir='ltr'><strong>irridens</strong></span> <span class='ocrx_word' id='word_1_52' title='bbox 763 760 846 825; x_wconf 89' lang='lat' dir='ltr'><strong>Nero,</strong></span> <span class='ocrx_word' id='word_1_53' title='bbox 867 761 927 814; x_wconf 86' lang='lat' dir='ltr'><strong>satis</strong></span> 
     </span>
     <span class='ocr_line' id='line_1_10' title="bbox 133 835 735 907; baseline -0.003 -15"><span class='ocrx_word' id='word_1_54' title='bbox 133 835 251 907; x_wconf 90' lang='lat' dir='ltr'><strong>supplioii</strong></span> <span class='ocrx_word' id='word_1_55' title='bbox 263 835 341 891; x_wconf 89' lang='lat' dir='ltr'><strong>luisse</strong></span> <span class='ocrx_word' id='word_1_56' title='bbox 352 835 389 890; x_wconf 90' lang='lat' dir='ltr'><strong>ait</strong></span> <span class='ocrx_word' id='word_1_57' title='bbox 400 854 446 906; x_wconf 88' lang='lat' dir='ltr'><strong>pro</strong></span> <span class='ocrx_word' id='word_1_58' title='bbox 459 836 540 907; x_wconf 91' lang='lat' dir='ltr'><strong>epulis</strong></span> <span class='ocrx_word' id='word_1_59' title='bbox 552 835 735 890; x_wconf 79' lang='lat' dir='ltr'><strong>consularibus.</strong></span> 
     </span>
    </p>

    <p class='ocr_par' dir='ltr' id='par_1_4' title="bbox 87 911 930 1363">
     <span class='ocr_line' id='line_1_11' title="bbox 87 911 928 982; baseline -0.004 -13"><span class='ocrx_word' id='word_1_60' title='bbox 87 911 125 969; x_wconf 89' lang='grc'><strong>70</strong></span> <span class='ocrx_word' id='word_1_61' title='bbox 167 913 236 968; x_wconf 82' lang='lat' dir='ltr'><strong>Exin</strong></span> <span class='ocrx_word' id='word_1_62' title='bbox 247 912 285 966; x_wconf 89' lang='lat' dir='ltr'><strong>M.</strong></span> <span class='ocrx_word' id='word_1_63' title='bbox 299 912 390 966; x_wconf 81' lang='lat' dir='ltr'><strong>Auuaei</strong></span> <span class='ocrx_word' id='word_1_64' title='bbox 405 912 504 966; x_wconf 81' lang='lat' dir='ltr'><strong>Lucani</strong></span> <span class='ocrx_word' id='word_1_65' title='bbox 520 912 614 966; x_wconf 83' lang='lat' dir='ltr'><strong>ooedem</strong></span> <span class='ocrx_word' id='word_1_66' title='bbox 634 911 750 981; x_wconf 86' lang='lat' dir='ltr'><strong>imperat.</strong></span> <span class='ocrx_word' id='word_1_67' title='bbox 788 911 819 966; x_wconf 85' lang='lat' dir='ltr'><strong>Is</strong></span> <span class='ocrx_word' id='word_1_68' title='bbox 836 912 928 982; x_wconf 90' lang='lat' dir='ltr'><strong>proflu-</strong></span> 
     </span>
     <span class='ocr_line' id='line_1_12' title="bbox 132 987 928 1060; baseline -0.003 -16"><span class='ocrx_word' id='word_1_69' title='bbox 132 993 192 1044; x_wconf 82' lang='lat' dir='ltr'><strong>ente</strong></span> <span class='ocrx_word' id='word_1_70' title='bbox 209 989 340 1060; x_wconf 72' lang='lat' dir='ltr'><strong>ssnguine</strong></span> <span class='ocrx_word' id='word_1_71' title='bbox 355 987 401 1044; x_wconf 90' lang='lat' dir='ltr'><strong>ubi</strong></span> <span class='ocrx_word' id='word_1_72' title='bbox 412 987 549 1058; x_wconf 78' lang='lat' dir='ltr'><strong>frigescere</strong></span> <span class='ocrx_word' id='word_1_73' title='bbox 561 987 638 1058; x_wconf 87' lang='lat' dir='ltr'><strong>pedes</strong></span> <span class='ocrx_word' id='word_1_74' title='bbox 650 1005 792 1057; x_wconf 84' lang='lat' dir='ltr'><strong>manusque</strong></span> <span class='ocrx_word' id='word_1_75' title='bbox 804 991 834 1042; x_wconf 87' lang='lat' dir='ltr'><strong>et</strong></span> <span class='ocrx_word' id='word_1_76' title='bbox 846 987 928 1058; x_wconf 85' lang='lat' dir='ltr'><strong>paula·</strong></span> 
     </span>
     <span class='ocr_line' id='line_1_13' title="bbox 132 1063 929 1134; baseline -0.003 -14"><span class='ocrx_word' id='word_1_77' title='bbox 132 1065 180 1120; x_wconf 87' lang='lat' dir='ltr'><strong>tim</strong></span> <span class='ocrx_word' id='word_1_78' title='bbox 198 1065 230 1120; x_wconf 83' lang='lat' dir='ltr'><strong>eb</strong></span> <span class='ocrx_word' id='word_1_79' title='bbox 245 1063 365 1119; x_wconf 80' lang='lat' dir='ltr'><strong>extremis</strong></span> <span class='ocrx_word' id='word_1_80' title='bbox 381 1063 470 1118; x_wconf 89' lang='lat' dir='ltr'><strong>oedere</strong></span> <span class='ocrx_word' id='word_1_81' title='bbox 486 1064 603 1134; x_wconf 86' lang='lat' dir='ltr'><strong>spiritum</strong></span> <span class='ocrx_word' id='word_1_82' title='bbox 616 1063 713 1118; x_wconf 81' lang='lat' dir='ltr'><strong>fervido</strong></span> <span class='ocrx_word' id='word_1_83' title='bbox 726 1063 811 1118; x_wconf 84' lang='lat' dir='ltr'><strong>adhue</strong></span> <span class='ocrx_word' id='word_1_84' title='bbox 824 1067 853 1118; x_wconf 87' lang='lat' dir='ltr'><strong>et</strong></span> <span class='ocrx_word' id='word_1_85' title='bbox 865 1082 929 1118; x_wconf 87' lang='lat' dir='ltr'><strong>oom-</strong></span> 
     </span>
     <span class='ocr_line' id='line_1_14' title="bbox 132 1139 930 1212; baseline -0.003 -16"><span class='ocrx_word' id='word_1_86' title='bbox 132 1144 193 1212; x_wconf 86' lang='lat' dir='ltr'><strong>pote</strong></span> <span class='ocrx_word' id='word_1_87' title='bbox 214 1141 306 1196; x_wconf 88' lang='lat' dir='ltr'><strong>mentis</strong></span> <span class='ocrx_word' id='word_1_88' title='bbox 324 1144 427 1210; x_wconf 88' lang='lat' dir='ltr'><strong>peetore</strong></span> <span class='ocrx_word' id='word_1_89' title='bbox 446 1139 576 1211; x_wconf 85' lang='lat' dir='ltr'><strong>intelligit,</strong></span> <span class='ocrx_word' id='word_1_90' title='bbox 589 1139 737 1194; x_wconf 84' lang='lat' dir='ltr'><strong>reeordatus</strong></span> <span class='ocrx_word' id='word_1_91' title='bbox 757 1157 864 1194; x_wconf 82' lang='lat' dir='ltr'><strong>carmen</strong></span> <span class='ocrx_word' id='word_1_92' title='bbox 876 1158 891 1193; x_wconf 85' lang='lat' dir='ltr'><strong>a</strong></span> <span class='ocrx_word' id='word_1_93' title='bbox 902 1157 930 1194; x_wconf 88' lang='lat' dir='ltr'><strong>se</strong></span> 
     </span>
     <span class='ocr_line' id='line_1_15' title="bbox 132 1215 928 1287; baseline -0.004 -15"><span class='ocrx_word' id='word_1_94' title='bbox 132 1218 308 1287; x_wconf 90' lang='lat' dir='ltr'><strong>oompositum,</strong></span> <span class='ocrx_word' id='word_1_95' title='bbox 320 1233 369 1287; x_wconf 91' lang='lat' dir='ltr'><strong>quo</strong></span> <span class='ocrx_word' id='word_1_96' title='bbox 381 1216 542 1271; x_wconf 74' lang='lat' dir='ltr'><strong>uulneratum</strong></span> <span class='ocrx_word' id='word_1_97' title='bbox 553 1215 660 1270; x_wconf 83' lang='lat' dir='ltr'><strong>militem</strong></span> <span class='ocrx_word' id='word_1_98' title='bbox 669 1233 714 1284; x_wconf 91' lang='lat' dir='ltr'><strong>per</strong></span> <span class='ocrx_word' id='word_1_99' title='bbox 723 1215 853 1284; x_wconf 87' lang='lat' dir='ltr'><strong>ejusmodi</strong></span> <span class='ocrx_word' id='word_1_100' title='bbox 861 1233 928 1270; x_wconf 88' lang='lat' dir='ltr'><strong>mor·</strong></span> 
     </span>
     <span class='ocr_line' id='line_1_16' title="bbox 132 1291 928 1363; baseline -0.001 -16"><span class='ocrx_word' id='word_1_101' title='bbox 132 1294 166 1347; x_wconf 90' lang='lat' dir='ltr'><strong>tis</strong></span> <span class='ocrx_word' id='word_1_102' title='bbox 187 1293 323 1363; x_wconf 80' lang='lat' dir='ltr'><strong>imaginem</strong></span> <span class='ocrx_word' id='word_1_103' title='bbox 345 1292 431 1348; x_wconf 85' lang='lat' dir='ltr'><strong>obisse</strong></span> <span class='ocrx_word' id='word_1_104' title='bbox 449 1291 597 1356; x_wconf 86' lang='lat' dir='ltr'><strong>tradiderat,</strong></span> <span class='ocrx_word' id='word_1_105' title='bbox 616 1310 706 1346; x_wconf 88' lang='lat' dir='ltr'><strong>versus</strong></span> <span class='ocrx_word' id='word_1_106' title='bbox 725 1291 798 1361; x_wconf 90' lang='lat' dir='ltr'><strong>ipsos</strong></span> <span class='ocrx_word' id='word_1_107' title='bbox 820 1293 928 1359; x_wconf 89' lang='lat' dir='ltr'><strong>rettulit,</strong></span> 
     </span>
    </p>

    <p class='ocr_par' dir='ltr' id='par_1_5' title="bbox 109 1367 930 1656">
     <span class='ocr_line' id='line_1_17' title="bbox 109 1367 929 1440; baseline 0 -18"><span class='ocrx_word' id='word_1_108' title='bbox 109 1375 212 1439; x_wconf 81' lang='lat' dir='ltr'><strong>2eaque</strong></span> <span class='ocrx_word' id='word_1_109' title='bbox 223 1369 260 1424; x_wconf 91' lang='lat' dir='ltr'><strong>illi</strong></span> <span class='ocrx_word' id='word_1_110' title='bbox 272 1387 391 1440; x_wconf 87' lang='lat' dir='ltr'><strong>suprema</strong></span> <span class='ocrx_word' id='word_1_111' title='bbox 405 1385 455 1424; x_wconf 87' lang='lat' dir='ltr'><strong>vox</strong></span> <span class='ocrx_word' id='word_1_112' title='bbox 469 1367 528 1422; x_wconf 82' lang='lat' dir='ltr'><strong>fuit.</strong></span> <span class='ocrx_word' id='word_1_113' title='bbox 565 1367 670 1422; x_wconf 79' lang='lat' dir='ltr'><strong>Senecio</strong></span> <span class='ocrx_word' id='word_1_114' title='bbox 687 1368 795 1438; x_wconf 86' lang='lat' dir='ltr'><strong>posthae</strong></span> <span class='ocrx_word' id='word_1_115' title='bbox 809 1373 837 1422; x_wconf 91' lang='lat' dir='ltr'><strong>et</strong></span> <span class='ocrx_word' id='word_1_116' title='bbox 849 1369 929 1428; x_wconf 77' lang='lat' dir='ltr'><strong>Quin·</strong></span> 
     </span>
     <span class='ocr_line' id='line_1_18' title="bbox 133 1442 930 1513; baseline -0.003 -13"><span class='ocrx_word' id='word_1_117' title='bbox 133 1447 219 1500; x_wconf 86' lang='lat' dir='ltr'><strong>tianus</strong></span> <span class='ocrx_word' id='word_1_118' title='bbox 236 1448 262 1500; x_wconf 92' lang='lat' dir='ltr'><strong>et</strong></span> <span class='ocrx_word' id='word_1_119' title='bbox 282 1445 418 1509; x_wconf 83' lang='lat' dir='ltr'><strong>Scaevinus,</strong></span> <span class='ocrx_word' id='word_1_120' title='bbox 436 1461 488 1498; x_wconf 90' lang='lat' dir='ltr'><strong>non</strong></span> <span class='ocrx_word' id='word_1_121' title='bbox 504 1461 536 1498; x_wconf 82' lang='lat' dir='ltr'><strong>ex</strong></span> <span class='ocrx_word' id='word_1_122' title='bbox 553 1443 638 1513; x_wconf 87' lang='lat' dir='ltr'><strong>priore</strong></span> <span class='ocrx_word' id='word_1_123' title='bbox 656 1442 716 1498; x_wconf 81' lang='lat' dir='ltr'><strong>vitoe</strong></span> <span class='ocrx_word' id='word_1_124' title='bbox 733 1443 852 1510; x_wconf 86' lang='lat' dir='ltr'><strong>mollitia,</strong></span> <span class='ocrx_word' id='word_1_125' title='bbox 871 1462 930 1498; x_wconf 85' lang='lat' dir='ltr'><strong>mox</strong></span> 
     </span>
     <span class='ocr_line' id='line_1_19' title="bbox 132 1521 929 1596; baseline -0.004 -17"><span class='ocrx_word' id='word_1_126' title='bbox 132 1524 224 1596; x_wconf 90' lang='lat' dir='ltr'><strong>reliqui</strong></span> <span class='ocrx_word' id='word_1_127' title='bbox 241 1523 430 1595; x_wconf 88' lang='lat' dir='ltr'><strong>eonjuratorum</strong></span> <span class='ocrx_word' id='word_1_128' title='bbox 454 1521 558 1593; x_wconf 86' lang='lat' dir='ltr'><strong>periere,</strong></span> <span class='ocrx_word' id='word_1_129' title='bbox 577 1521 647 1576; x_wconf 79' lang='lat' dir='ltr'><strong>nullo</strong></span> <span class='ocrx_word' id='word_1_130' title='bbox 670 1521 740 1576; x_wconf 81' lang='lat' dir='ltr'><strong>iaeto</strong></span> <span class='ocrx_word' id='word_1_131' title='bbox 759 1521 863 1578; x_wconf 80' lang='lat' dir='ltr'><strong>dictove</strong></span> <span class='ocrx_word' id='word_1_132' title='bbox 881 1541 929 1576; x_wconf 87' lang='lat' dir='ltr'><strong>me·</strong></span> 
     </span>
     <span class='ocr_line' id='line_1_20' title="bbox 132 1600 444 1656; baseline -0.003 -1"><span class='ocrx_word' id='word_1_133' title='bbox 132 1600 261 1656; x_wconf 83' lang='lat' dir='ltr'><strong>morando.</strong></span> <span class='ocrx_word' id='word_1_134' title='bbox 440 1647 444 1654; x_wconf 90' lang='lat'><em>.</em></span> 
     </span>
    </p>

    <p class='ocr_par' dir='ltr' id='par_1_6' title="bbox 87 1672 929 1901">
     <span class='ocr_line' id='line_1_21' title="bbox 87 1672 929 1747; baseline 0.001 -19"><span class='ocrx_word' id='word_1_135' title='bbox 87 1673 120 1747; x_wconf 70' lang='grc' dir='ltr'><strong>ΖΙ</strong></span> <span class='ocrx_word' id='word_1_136' title='bbox 168 1675 350 1746; x_wconf 87' lang='lat' dir='ltr'><strong>Sedoompleri</strong></span> <span class='ocrx_word' id='word_1_137' title='bbox 358 1673 529 1728; x_wconf 85' lang='lat' dir='ltr'><strong>interimurbs</strong></span> <span class='ocrx_word' id='word_1_138' title='bbox 538 1672 676 1737; x_wconf 81' lang='lat' dir='ltr'><strong>funeribus,</strong></span> <span class='ocrx_word' id='word_1_139' title='bbox 690 1672 850 1743; x_wconf 79' lang='lat' dir='ltr'><strong>Capitolium</strong></span> <span class='ocrx_word' id='word_1_140' title='bbox 859 1673 929 1729; x_wconf 84' lang='lat' dir='ltr'><strong>vieti·</strong></span> 
     </span>
     <span class='ocr_line' id='line_1_22' title="bbox 132 1749 929 1819; baseline -0.006 -9"><span class='ocrx_word' id='word_1_141' title='bbox 132 1754 198 1819; x_wconf 86' lang='lat' dir='ltr'><strong>mis;</strong></span> <span class='ocrx_word' id='word_1_142' title='bbox 216 1752 280 1808; x_wconf 88' lang='lat' dir='ltr'><strong>alius</strong></span> <span class='ocrx_word' id='word_1_143' title='bbox 298 1751 356 1816; x_wconf 87' lang='lat' dir='ltr'><strong>filio,</strong></span> <span class='ocrx_word' id='word_1_144' title='bbox 375 1751 454 1804; x_wconf 84' lang='lat' dir='ltr'><strong>fratre</strong></span> <span class='ocrx_word' id='word_1_145' title='bbox 472 1749 536 1804; x_wconf 89' lang='lat' dir='ltr'><strong>alius</strong></span> <span class='ocrx_word' id='word_1_146' title='bbox 555 1752 600 1803; x_wconf 87' lang='lat' dir='ltr'><strong>aut</strong></span> <span class='ocrx_word' id='word_1_147' title='bbox 616 1749 760 1819; x_wconf 87' lang='lat' dir='ltr'><strong>propinquo</strong></span> <span class='ocrx_word' id='word_1_148' title='bbox 778 1754 827 1804; x_wconf 88' lang='lat' dir='ltr'><strong>aut</strong></span> <span class='ocrx_word' id='word_1_149' title='bbox 851 1751 929 1805; x_wconf 79' lang='lat' dir='ltr'><strong>amieo</strong></span> 
     </span>
     <span class='ocr_line' id='line_1_23' title="bbox 131 1826 929 1901; baseline -0.005 -13"><span class='ocrx_word' id='word_1_150' title='bbox 131 1831 282 1896; x_wconf 84' lang='lat' dir='ltr'><strong>interfectis,</strong></span> <span class='ocrx_word' id='word_1_151' title='bbox 308 1848 383 1901; x_wconf 85' lang='lat' dir='ltr'><strong>agere</strong></span> <span class='ocrx_word' id='word_1_152' title='bbox 407 1831 493 1900; x_wconf 77' lang='lat' dir='ltr'><strong>grates</strong></span> <span class='ocrx_word' id='word_1_153' title='bbox 517 1827 578 1892; x_wconf 87' lang='lat' dir='ltr'><strong>deis,</strong></span> <span class='ocrx_word' id='word_1_154' title='bbox 603 1845 694 1881; x_wconf 89' lang='lat' dir='ltr'><strong>ornare</strong></span> <span class='ocrx_word' id='word_1_155' title='bbox 716 1826 795 1883; x_wconf 84' lang='lat' dir='ltr'><strong>lauru</strong></span> <span class='ocrx_word' id='word_1_156' title='bbox 819 1828 929 1894; x_wconf 87' lang='lat' dir='ltr'><strong>domum,</strong></span> 
     </span>
    </p>

    <p class='ocr_par' dir='ltr' id='par_1_7' title="bbox 19 1902 931 2734">
     <span class='ocr_line' id='line_1_24' title="bbox 108 1902 931 1980; baseline -0.005 -18"><span class='ocrx_word' id='word_1_157' title='bbox 108 1915 216 1980; x_wconf 70' lang='lat' dir='ltr'><strong>tgeuua</strong></span> <span class='ocrx_word' id='word_1_158' title='bbox 231 1908 312 1979; x_wconf 85' lang='lat' dir='ltr'><strong>ipsius</strong></span> <span class='ocrx_word' id='word_1_159' title='bbox 328 1904 427 1961; x_wconf 87' lang='lat' dir='ltr'><strong>advolvi</strong></span> <span class='ocrx_word' id='word_1_160' title='bbox 442 1907 470 1958; x_wconf 87' lang='lat' dir='ltr'><strong>et</strong></span> <span class='ocrx_word' id='word_1_161' title='bbox 487 1902 604 1958; x_wconf 86' lang='lat' dir='ltr'><strong>dextram</strong></span> <span class='ocrx_word' id='word_1_162' title='bbox 617 1903 710 1958; x_wconf 85' lang='lat' dir='ltr'><strong>osculis</strong></span> <span class='ocrx_word' id='word_1_163' title='bbox 727 1903 850 1976; x_wconf 81' lang='lat' dir='ltr'><strong>fatigare.</strong></span> <span class='ocrx_word' id='word_1_164' title='bbox 888 1907 931 1960; x_wconf 75' lang='lat' dir='ltr'><strong>Ae</strong></span> 
     </span>
     <span class='ocr_line' id='line_1_25' title="bbox 132 1979 930 2056; baseline -0.008 -15"><span class='ocrx_word' id='word_1_165' title='bbox 132 2004 183 2056; x_wconf 90' lang='lat' dir='ltr'><strong>que</strong></span> <span class='ocrx_word' id='word_1_166' title='bbox 193 1985 236 2040; x_wconf 85' lang='lat' dir='ltr'><strong>ille</strong></span> <span class='ocrx_word' id='word_1_167' title='bbox 248 1983 369 2056; x_wconf 87' lang='lat' dir='ltr'><strong>gaudium</strong></span> <span class='ocrx_word' id='word_1_168' title='bbox 380 1981 408 2036; x_wconf 90' lang='lat' dir='ltr'><strong>id</strong></span> <span class='ocrx_word' id='word_1_169' title='bbox 419 1979 532 2045; x_wconf 86' lang='lat' dir='ltr'><strong>eredens,</strong></span> <span class='ocrx_word' id='word_1_170' title='bbox 543 1980 649 2034; x_wconf 87' lang='lat' dir='ltr'><strong>Antonii</strong></span> <span class='ocrx_word' id='word_1_171' title='bbox 661 1979 764 2034; x_wconf 83' lang='lat' dir='ltr'><strong>Natalis</strong></span> <span class='ocrx_word' id='word_1_172' title='bbox 775 1986 805 2035; x_wconf 89' lang='lat' dir='ltr'><strong>et</strong></span> <span class='ocrx_word' id='word_1_173' title='bbox 818 1981 930 2038; x_wconf 81' lang='lat' dir='ltr'><strong>Cervarii</strong></span> 
     </span>
     <span class='ocr_line' id='line_1_26' title="bbox 108 2057 930 2127; baseline -0.004 -11"><span class='ocrx_word' id='word_1_174' title='bbox 108 2060 235 2116; x_wconf 80' lang='lat' dir='ltr'><strong>8Proeuli</strong></span> <span class='ocrx_word' id='word_1_175' title='bbox 246 2059 367 2115; x_wconf 83' lang='lat' dir='ltr'><strong>festinate</strong></span> <span class='ocrx_word' id='word_1_176' title='bbox 377 2057 471 2112; x_wconf 87' lang='lat' dir='ltr'><strong>indieia</strong></span> <span class='ocrx_word' id='word_1_177' title='bbox 486 2057 639 2127; x_wconf 87' lang='lat' dir='ltr'><strong>impunitate</strong></span> <span class='ocrx_word' id='word_1_178' title='bbox 653 2061 846 2113; x_wconf 87' lang='lat' dir='ltr'><strong>remuneratur.</strong></span> <span class='ocrx_word' id='word_1_179' title='bbox 883 2058 930 2113; x_wconf 76' lang='lat' dir='ltr'><strong>Mr-</strong></span> 
     </span>
     <span class='ocr_line' id='line_1_27' title="bbox 131 2131 930 2207; baseline -0.005 -14"><span class='ocrx_word' id='word_1_180' title='bbox 131 2137 213 2193; x_wconf 84' lang='lat' dir='ltr'><strong>iiohus</strong></span> <span class='ocrx_word' id='word_1_181' title='bbox 225 2136 335 2207; x_wconf 77' lang='lat' dir='ltr'><strong>premiis</strong></span> <span class='ocrx_word' id='word_1_182' title='bbox 347 2136 444 2190; x_wconf 90' lang='lat' dir='ltr'><strong>ditatus</strong></span> <span class='ocrx_word' id='word_1_183' title='bbox 462 2135 642 2189; x_wconf 70' lang='lat' dir='ltr'><strong>Censor-raterio</strong></span> <span class='ocrx_word' id='word_1_184' title='bbox 657 2131 706 2186; x_wconf 90' lang='lat' dir='ltr'><strong>sibi</strong></span> <span class='ocrx_word' id='word_1_185' title='bbox 721 2150 829 2200; x_wconf 90' lang='lat' dir='ltr'><strong>nomen,</strong></span> <span class='ocrx_word' id='word_1_186' title='bbox 846 2135 930 2190; x_wconf 70' lang='lat' dir='ltr'><strong>Grae</strong></span> 
     </span>
     <span class='ocr_line' id='line_1_28' title="bbox 106 2207 929 2284; baseline -0.001 -17"><span class='ocrx_word' id='word_1_187' title='bbox 106 2215 188 2284; x_wconf 66' lang='lat' dir='ltr'><strong>tejus</strong></span> <span class='ocrx_word' id='word_1_188' title='bbox 206 2213 244 2267; x_wconf 90' lang='lat' dir='ltr'><strong>rei</strong></span> <span class='ocrx_word' id='word_1_189' title='bbox 261 2212 392 2279; x_wconf 83' lang='lat' dir='ltr'><strong>vocabulo,</strong></span> <span class='ocrx_word' id='word_1_190' title='bbox 410 2209 555 2280; x_wconf 87' lang='lat' dir='ltr'><strong>assumpsit.</strong></span> <span class='ocrx_word' id='word_1_191' title='bbox 590 2209 614 2264; x_wconf 75' lang='lat' dir='ltr'><strong>E</strong></span> <span class='ocrx_word' id='word_1_192' title='bbox 631 2207 744 2264; x_wconf 80' lang='lat' dir='ltr'><strong>tribunis</strong></span> <span class='ocrx_word' id='word_1_193' title='bbox 763 2209 868 2266; x_wconf 87' lang='lat' dir='ltr'><strong>Gavius</strong></span> <span class='ocrx_word' id='word_1_194' title='bbox 889 2209 929 2265; x_wconf 80' lang='lat' dir='ltr'><strong>Sit·</strong></span> 
     </span>
     <span class='ocr_line' id='line_1_29' title="bbox 130 2284 929 2359; baseline -0.004 -16"><span class='ocrx_word' id='word_1_195' title='bbox 130 2306 219 2353; x_wconf 87' lang='lat' dir='ltr'><strong>vanus,</strong></span> <span class='ocrx_word' id='word_1_196' title='bbox 239 2289 355 2359; x_wconf 85' lang='lat' dir='ltr'><strong>quamvis</strong></span> <span class='ocrx_word' id='word_1_197' title='bbox 373 2286 513 2352; x_wconf 90' lang='lat' dir='ltr'><strong>absolutus,</strong></span> <span class='ocrx_word' id='word_1_198' title='bbox 536 2302 583 2340; x_wconf 82' lang='lat' dir='ltr'><strong>sua</strong></span> <span class='ocrx_word' id='word_1_199' title='bbox 600 2303 677 2339; x_wconf 90' lang='lat' dir='ltr'><strong>manu</strong></span> <span class='ocrx_word' id='word_1_200' title='bbox 698 2284 797 2341; x_wconf 79' lang='lat' dir='ltr'><strong>cecidit</strong></span> <span class='ocrx_word' id='word_1_201' title='bbox 807 2311 815 2353; x_wconf 89' lang='lat'>;</span> <span class='ocrx_word' id='word_1_202' title='bbox 836 2288 929 2343; x_wconf 83' lang='lat' dir='ltr'><strong>Statius</strong></span> 
     </span>
     <span class='ocr_line' id='line_1_30' title="bbox 129 2361 929 2433; baseline 0.003 -17"><span class='ocrx_word' id='word_1_203' title='bbox 129 2363 266 2417; x_wconf 83' lang='lat' dir='ltr'><strong>Proximus</strong></span> <span class='ocrx_word' id='word_1_204' title='bbox 278 2363 385 2429; x_wconf 79' lang='lat' dir='ltr'><strong>veniam,</strong></span> <span class='ocrx_word' id='word_1_205' title='bbox 398 2381 474 2433; x_wconf 87' lang='lat' dir='ltr'><strong>quam</strong></span> <span class='ocrx_word' id='word_1_206' title='bbox 487 2362 519 2416; x_wconf 91' lang='lat' dir='ltr'><strong>ab</strong></span> <span class='ocrx_word' id='word_1_207' title='bbox 536 2363 691 2431; x_wconf 87' lang='lat' dir='ltr'><strong>imperatore</strong></span> <span class='ocrx_word' id='word_1_208' title='bbox 702 2368 853 2433; x_wconf 85' lang='lat' dir='ltr'><strong>aoeeperat,</strong></span> <span class='ocrx_word' id='word_1_209' title='bbox 867 2361 929 2418; x_wconf 87' lang='lat' dir='ltr'><strong>vani·</strong></span> 
     </span>
     <span class='ocr_line' id='line_1_31' title="bbox 104 2437 927 2512; baseline 0.007 -22"><span class='ocrx_word' id='word_1_210' title='bbox 104 2441 183 2492; x_wconf 71' lang='lat' dir='ltr'><strong>etate</strong></span> <span class='ocrx_word' id='word_1_211' title='bbox 193 2437 278 2491; x_wconf 85' lang='lat' dir='ltr'><strong>exitus</strong></span> <span class='ocrx_word' id='word_1_212' title='bbox 287 2437 408 2506; x_wconf 86' lang='lat' dir='ltr'><strong>eorrupit.</strong></span> <span class='ocrx_word' id='word_1_213' title='bbox 446 2438 528 2492; x_wconf 85' lang='lat' dir='ltr'><strong>Exuti</strong></span> <span class='ocrx_word' id='word_1_214' title='bbox 536 2437 628 2492; x_wconf 88' lang='lat' dir='ltr'><strong>dehine</strong></span> <span class='ocrx_word' id='word_1_215' title='bbox 637 2437 775 2492; x_wconf 88' lang='lat' dir='ltr'><strong>tribunatu</strong></span> <span class='ocrx_word' id='word_1_216' title='bbox 785 2440 927 2512; x_wconf 82' lang='lat' dir='ltr'><strong>Pompeius,</strong></span> 
     </span>
     <span class='ocr_line' id='line_1_32' title="bbox 128 2511 927 2583; baseline 0.009 -20"><span class='ocrx_word' id='word_1_217' title='bbox 128 2511 262 2565; x_wconf 82' lang='lat' dir='ltr'><strong>Cornelius</strong></span> <span class='ocrx_word' id='word_1_218' title='bbox 280 2511 416 2576; x_wconf 74' lang='lat' dir='ltr'><strong>Martialis,</strong></span> <span class='ocrx_word' id='word_1_219' title='bbox 434 2513 538 2568; x_wconf 80' lang='lat' dir='ltr'><strong>Flavius</strong></span> <span class='ocrx_word' id='word_1_220' title='bbox 555 2513 652 2583; x_wconf 90' lang='lat' dir='ltr'><strong>Nepos,</strong></span> <span class='ocrx_word' id='word_1_221' title='bbox 671 2513 775 2570; x_wconf 83' lang='lat' dir='ltr'><strong>Statius</strong></span> <span class='ocrx_word' id='word_1_222' title='bbox 794 2516 927 2578; x_wconf 88' lang='lat' dir='ltr'><strong>Domitius,</strong></span> 
     </span>
     <span class='ocr_line' id='line_1_33' title="bbox 127 2585 928 2658; baseline 0.011 -21"><span class='ocrx_word' id='word_1_223' title='bbox 127 2585 200 2650; x_wconf 85' lang='lat' dir='ltr'><strong>quasi</strong></span> <span class='ocrx_word' id='word_1_224' title='bbox 211 2586 351 2654; x_wconf 87' lang='lat' dir='ltr'><strong>prinoipem</strong></span> <span class='ocrx_word' id='word_1_225' title='bbox 370 2603 422 2640; x_wconf 86' lang='lat' dir='ltr'><strong>non</strong></span> <span class='ocrx_word' id='word_1_226' title='bbox 441 2587 545 2658; x_wconf 89' lang='lat' dir='ltr'><strong>quidem</strong></span> <span class='ocrx_word' id='word_1_227' title='bbox 561 2589 684 2658; x_wconf 85' lang='lat' dir='ltr'><strong>odissent,</strong></span> <span class='ocrx_word' id='word_1_228' title='bbox 697 2590 746 2645; x_wconf 88' lang='lat' dir='ltr'><strong>sed</strong></span> <span class='ocrx_word' id='word_1_229' title='bbox 764 2595 858 2648; x_wconf 82' lang='lat' dir='ltr'><strong>tamen</strong></span> <span class='ocrx_word' id='word_1_230' title='bbox 872 2591 928 2647; x_wconf 84' lang='lat' dir='ltr'><strong>exis·</strong></span> 
     </span>
     <span class='ocr_line' id='line_1_34' title="bbox 19 2656 926 2734; baseline 0.018 -29"><span class='ocrx_word' id='word_1_231' title='bbox 19 2657 37 2680; x_wconf 74' lang='lat'><em>¹</em></span> <span class='ocrx_word' id='word_1_232' title='bbox 100 2656 285 2710; x_wconf 72' lang='lat' dir='ltr'><strong>etimarentur.</strong></span> <span class='ocrx_word' id='word_1_233' title='bbox 322 2659 408 2713; x_wconf 88' lang='lat' dir='ltr'><strong>Novio</strong></span> <span class='ocrx_word' id='word_1_234' title='bbox 429 2662 520 2717; x_wconf 85' lang='lat' dir='ltr'><strong>Priseo</strong></span> <span class='ocrx_word' id='word_1_235' title='bbox 541 2682 587 2734; x_wconf 90' lang='lat' dir='ltr'><strong>per</strong></span> <span class='ocrx_word' id='word_1_236' title='bbox 607 2664 749 2721; x_wconf 79' lang='lat' dir='ltr'><strong>amicitiem</strong></span> <span class='ocrx_word' id='word_1_237' title='bbox 772 2668 926 2734; x_wconf 56' lang='lat' dir='ltr'><strong>Seuereet</strong></span> 
     </span>
    </p>

    <p class='ocr_par' dir='ltr' id='par_1_8' title="bbox 124 2725 927 2816">
     <span class='ocr_line' id='line_1_35' title="bbox 124 2725 927 2816; baseline 0.029 -39"><span class='ocrx_word' id='word_1_238' title='bbox 124 2725 202 2780; x_wconf 83' lang='lat' dir='ltr'><strong>Glitio</strong></span> <span class='ocrx_word' id='word_1_239' title='bbox 215 2730 287 2782; x_wconf 67' lang='lat' dir='ltr'><strong>Gentio</strong></span> <span class='ocrx_word' id='word_1_240' title='bbox 299 2735 377 2801; x_wconf 90' lang='lat' dir='ltr'><strong>atque</strong></span> <span class='ocrx_word' id='word_1_241' title='bbox 389 2735 474 2791; x_wconf 84' lang='lat' dir='ltr'><strong>Annio</strong></span> <span class='ocrx_word' id='word_1_242' title='bbox 486 2737 599 2794; x_wconf 84' lang='lat' dir='ltr'><strong>Pollioni</strong></span> <span class='ocrx_word' id='word_1_243' title='bbox 614 2741 747 2798; x_wconf 80' lang='lat' dir='ltr'><strong>infamatis</strong></span> <span class='ocrx_word' id='word_1_244' title='bbox 758 2746 847 2816; x_wconf 79' lang='lat' dir='ltr'><strong>magis</strong></span> <span class='ocrx_word' id='word_1_245' title='bbox 859 2760 927 2815; x_wconf 75' lang='lat' dir='ltr'><strong>quam</strong></span> 
     </span>
    </p>
   </div>
   <div class='ocr_carea' id='block_1_3' title="bbox 0 0 972 2968">
    <p class='ocr_par' dir='ltr' id='par_1_9' title="bbox 0 0 972 2968">
     <span class='ocr_line' id='line_1_36' title="bbox 0 0 972 2968; baseline 0 0"><span class='ocrx_word' id='word_1_246' title='bbox 0 0 972 2968; x_wconf 95' lang='lat' dir='ltr'><strong> </strong></span> 
     </span>
    </p>
   </div>
  </div>
 </body>
</html>
