2026 2992
41 208 135 256 mu,
145 209 191 259 m
262 147 463 198 ANNsLmrt
482 145 518 196 ΙΙ.
531 149 636 197 tu-tt.
814 145 845 200 Π

41 258 149 326 pontidis
166 261 397 329 angustiantes
414 256 847 329 Pontionmintratoupidinere·

41 337 104 388 teres
126 333 201 389 looos
227 339 256 389 et
281 335 350 390 iruna
372 334 515 390 eelebratos
537 333 674 399 nosoendi;
698 336 846 406 pariterque

41 411 181 478 provincias
200 411 315 466 internis
331 411 514 466 eertaminibus
529 413 575 466 aut
592 410 790 482 magistratuum
807 411 845 466 in·

39 485 108 555 juriis
119 487 207 542 fessas
225 487 367 542 refovebat.
403 488 492 557 Atque
507 486 579 542 illum
594 486 622 540 in
637 503 756 558 mesu
774 499 868 546 soom

43 563 240 618 Samothracum
252 563 336 619 risere
347 564 474 618 nitentem
485 562 554 618 obvii
569 562 699 634 aquilones
716 563 844 634 depulere.

42 638 123 708 Igitur
141 639 220 694 adito
237 639 288 693 Ilio
304 657 412 710 queque
429 638 465 694 ibi
482 638 606 694 varietus
621 637 732 694 fortune
746 643 773 694 et
788 657 846 695 nos·

41 715 73 768 tri
90 714 194 785 origine
218 715 372 780 uenerande
394 715 485 786 relegit
506 715 602 780 Asiam,
622 714 776 786 appellitque
796 715 846 771 Oo-

41 789 156 860 lophona,
181 795 221 845 ut
245 791 326 846 Clarii
348 791 474 861 Apollinis
497 790 600 847 oramilo
622 795 747 846 uteretur.
784 791 868 852 Nono

40 865 132 920 lemine
149 867 218 931 illie,
234 871 267 921 ut
284 867 353 937 apud
367 867 490 938 Delphos,
507 865 553 922 sed
569 865 647 921 nertin
663 883 678 921 e
692 866 801 932 familiis,
818 871 846 922 et

40 943 117 998 ferme
133 942 237 997 Mileto
253 943 359 1008 eooitus,
373 942 490 998 saeerdos
507 959 640 997 numerum
655 941 732 996 modo
747 941 846 998 oonsul-

40 1019 150 1072 tuntium
169 1022 201 1073 et
221 1018 325 1072 nomina
342 1018 432 1083 andit;
451 1023 508 1072 tum
528 1018 556 1072 in
576 1035 681 1088 speoum
701 1017 844 1090 degressus,

41 1092 132 1148 hausta
143 1093 232 1148 fontis
244 1094 332 1148 sreeni
343 1112 416 1163 aqua,
426 1094 530 1166 ignem
542 1093 691 1164 plerumque
701 1093 845 1149 litterarum

42 1175 68 1224 et
76 1171 234 1234 earminum
248 1168 302 1225 edit
311 1187 433 1240 responsa
440 1169 556 1224 versibus
565 1169 712 1238 eompositis
722 1187 799 1240 super
807 1187 845 1225 re·

42 1245 89 1300 bus
100 1264 166 1315 quos
181 1247 244 1316 quis
256 1249 343 1300 mente
356 1247 480 1316 oonoepit.
504 1246 541 1300 llt
552 1244 683 1300 ferebatur
694 1245 866 1306 Gemauioot

43 1341 86 1392 per
98 1322 234 1393 ambages,
247 1326 279 1376 ut
290 1339 346 1376 mos
362 1322 478 1386 orsoulis
491 1325 621 1376 maturum
637 1321 743 1376 exitium
764 1322 845 1377 oeoin

43 1399 99 1454 isse.
123 1400 163 1454 At
174 1399 225 1453 Gn
239 1398 309 1462 Piso,
323 1415 374 1469 quo
386 1396 563 1468 properantius
575 1396 703 1452 destinata
713 1397 843 1470 inoiperet,
851 1406 888 1461 55

44 1476 175 1531 dritatem
189 1474 386 1529 Atheniensium
399 1473 503 1529 turbido
514 1473 617 1529 inoessu
628 1473 777 1529 mterntam
790 1489 845 1528 ora·

44 1552 111 1607 tione
122 1569 198 1606 seva
207 1551 332 1621 moreput,
346 1550 447 1620 oblique
463 1549 641 1605 Germanioum
659 1549 842 1622 perstringens,

45 1628 110 1697 quod
131 1631 228 1684 eontra
248 1627 326 1682 deeus
348 1627 458 1682 Romani
478 1626 587 1681 nominis
604 1643 657 1682 uon
673 1626 844 1682 Athenienses

45 1708 83 1758 tot
100 1703 220 1760 cladibus
237 1703 388 1767 exstinctos,
407 1701 454 1758 sed
473 1702 606 1758 colluviem
623 1701 692 1757 illam
708 1702 843 1756 nationum

47 1781 165 1836 oomitate
187 1779 269 1835 nimiu
289 1779 425 1834 ooluisset:
450 1779 498 1834 hos
518 1778 586 1834 enim
607 1796 663 1834 esse
684 1777 845 1833 Mithndstis

47 1855 167 1913 adversus
189 1856 294 1921 Sullam,
315 1855 423 1911 Antonii
444 1854 565 1910 adversm
588 1854 675 1910 dirum
696 1855 844 1925 Augustum

47 1933 133 1988 socius.
172 1933 262 1988 Etiam
280 1937 368 1987 veteru
388 1931 539 2001 objectabat,
562 1949 619 2001 qne
639 1930 667 1985 in
690 1927 866 1988 Maoedonen

46 2009 211 2080 improspere,
219 2007 345 2062 violenter
351 2008 379 2062 in
389 2025 449 2061 suos
460 2007 589 2074 fecissent,
598 2006 710 2062 offensus
721 2005 780 2062 urbi
788 2024 845 2077 pro-

46 2085 100 2154 pria
112 2102 218 2156 qnoque
230 2084 276 2149 ire,
288 2085 348 2154 quie
358 2083 526 2153 Theophilum
538 2081 664 2151 quendum
671 2083 739 2138 Ateo
748 2082 845 2154 judidio

46 2160 103 2216 salsi
118 2161 271 2215 damnatum
288 2159 408 2230 preoibus
425 2159 479 2214 suis
496 2175 548 2214 non
565 2157 741 2214 oonoederent.
776 2159 867 2219 axius

46 2237 210 2308 navigatione
234 2237 309 2291 eeleri
332 2254 379 2307 per
400 2235 523 2307 Oydadm
547 2236 574 2289 et
597 2233 747 2304 oompendia
768 2237 845 2290 muris

48 2313 194 2383 assequitur
215 2312 395 2367 Germanicum
413 2310 481 2381 opud
503 2310 613 2364 insulam
630 2309 758 2376 Rhodum,
777 2309 846 2366 haud

47 2389 161 2444 neseium
173 2387 266 2459 quibus
277 2386 490 2443 inseotationibns
501 2386 598 2456 petitus
610 2385 694 2442 soretz
719 2386 764 2441 sed
772 2389 847 2442 tants

49 2464 244 2520 mmsuetndine
254 2465 363 2536 agebat,
382 2465 421 2528 ut,
439 2480 498 2518 eum
515 2466 572 2517 orte
589 2467 728 2533 tempestas
745 2465 846 2534 reperet

51 2541 77 2594 in
87 2541 203 2612 obrupta
213 2545 352 2612 possetque
363 2540 485 2594 interitus
497 2538 592 2593 inimioi
604 2538 636 2594 ad
648 2555 735 2593 ossum
746 2537 845 2602 referri,

53 2618 146 2673 miserit
157 2619 276 2674 triremes
285 2633 395 2689 quarum
407 2616 520 2671 subsidio
532 2615 672 2670 diserimini
683 2615 846 2670 eximeretur.

54 2693 141 2766 Neque
153 2699 241 2750 tumen
252 2695 389 2765 mitigatus
398 2691 468 2756 Piso,
476 2696 504 2746 et
515 2691 560 2746 vix
570 2691 622 2746 diei
636 2707 732 2744 moram
747 2699 870 2754 perpes-4
