1866 2944
89 89 119 150 ⁷2
427 83 549 136 rscrrr

727 149 803 198 [LU.
810 149 834 188 (l.
843 149 893 190 mc

87 200 150 257 lium
166 198 286 256 adversus
303 198 447 256 Cheruscos
465 202 575 254 orantes
611 198 680 252 Nam
697 149 819 252 diseesm
836 197 892 252 Ro

88 293 227 340 manorum,
241 293 270 330 ae
282 276 356 330 vacui
367 279 473 330 artemo
485 280 563 340 metu,
577 275 661 346 gentis
673 274 853 338 assuetudine,
863 277 893 328 et

67 356 145 409 atum
166 351 325 406 aemulatione
346 351 441 423 glorias,
464 371 534 406 arma
557 353 585 406 in
609 370 637 406 se
659 355 803 405 verterant.
841 351 893 406 Vis

88 429 228 494 nationum,
250 427 332 483 virtus
354 427 475 482 dueum
467 447 495 482 rn
515 447 604 499 aequo·
631 427 677 482 sed
695 426 894 482 Maroboduum

89 506 157 577 regis
183 522 275 558 nomen
293 504 403 558 invisum
424 505 493 576 apud
510 505 652 575 populares,
673 503 824 558 Arminium
843 520 894 574 pro

44 575 208 638 451ibertate
181 580 322 636 ttbellan
311 585 365 635 tem
383 581 456 636 favor
476 581 593 636 habebat.
574 580 684 651 tIgit
685 599 716 634 ur
737 597 793 634 non
813 579 894 634 modo

91 657 215 714 Cherusci
227 657 339 727 sociique
349 675 444 722 eorum,
454 661 529 713 vetus
542 656 651 712 Arminii
663 656 744 721 miles,
754 674 894 725 sumpsere

90 735 201 800 bellum3
219 733 264 788 sed
281 752 296 788 e
313 752 392 805 regno
410 734 488 788 etiam
505 733 660 788 Marobodui
677 733 767 788 Suevm
787 736 892 803 genten

70 812 230 867 2Semnones
250 827 279 866 ac
299 809 470 882 Langobardi,
493 809 608 864 defecere
627 808 660 864 ad
677 827 744 863 eum.
783 807 894 868 Quibus

92 887 185 942 additis
205 885 376 956 proepollebat,
394 885 422 940 ni
439 885 618 956 Inguiomerus
636 903 695 940 enm
711 903 794 938 manu
815 884 896 940 oliam

92 963 157 1021 tium
169 962 201 1017 ad
209 961 398 1016 Maroboduum
410 961 573 1032 perfugisset,
583 979 636 1016 non
653 961 726 1014 aliam
739 959 772 1014 ob
786 978 895 1016 eausam

92 1057 168 1110 quam
183 1039 242 1109 quia
255 1038 342 1094 fratris
360 1036 412 1092 filio
422 1038 512 1109 juveni
523 1041 631 1108 patruus
646 1055 723 1092 senex
740 1055 835 1107 parere
848 1037 894 1092 de-

71 1114 252 1186 tdignabatar.
288 1114 444 1184 Diriguntur
460 1114 534 1178 acies,
543 1113 604 1184 pari
619 1113 748 1183 utrimque
764 1131 824 1183 spe,
836 1131 894 1178 nac,

92 1195 123 1247 ut
141 1190 201 1245 olim
219 1190 286 1260 apud
306 1190 453 1256 Germanos,
473 1189 544 1261 vagis
568 1189 711 1244 incursibus
733 1192 780 1243 aut
803 1189 896 1261 disjec

93 1271 135 1324 tas
153 1285 199 1337 per
216 1269 347 1320 catervas:
367 1267 461 1336 quippe
479 1266 555 1336 longa
575 1265 707 1320 adversum
726 1282 774 1320 nos
801 1265 897 1323 militis

93 1345 256 1402 insueverant
275 1343 348 1413 sequi
366 1343 447 1414 signa,
466 1343 586 1398 subsidiis
604 1342 706 1406 firmari,
724 1341 798 1396 dicta
813 1343 896 1414 impe-

71 1425 206 1474 tratorum
224 1419 345 1490 accipere.
381 1421 420 1474 Ae
436 1423 499 1474 tunc
510 1419 643 1475 Arminius
655 1435 720 1488 equo
737 1417 898 1476 collustrans

94 1500 193 1562 cuneta,
210 1500 241 1551 ut
260 1514 374 1567 quosque
391 1495 513 1552 adventus
531 1501 594 1561 erat,
607 1496 774 1566 reciperatam
790 1496 897 1552 libens

94 1578 154 1638 tem,
168 1573 309 1630 trucidatas
325 1572 447 1644 legiones,
459 1573 539 1644 spolia
556 1573 639 1628 anuo
653 1576 680 1627 et
697 1572 750 1626 tela
765 1571 898 1630 Romania

96 1650 201 1722 derepta
212 1649 240 1704 in
251 1649 367 1704 manibus
379 1649 518 1704 multorum
531 1648 694 1714 ostentabat;
711 1651 808 1704 contu
820 1649 898 1721 luga-

96 1745 151 1782 cem
163 1725 351 1780 Maroboduum
363 1725 500 1794 appellans,
513 1725 659 1796 proeliorum
671 1727 815 1794 expertem,
826 1725 898 1780 Her-

97 1803 175 1874 cynia
187 1801 291 1858 latebris
307 1801 448 1868 defensum,
459 1819 489 1856 ac
501 1819 561 1856 mox
572 1819 618 1872 per
629 1799 696 1856 dona
707 1803 734 1854 et
749 1799 898 1871 legationes

96 1879 217 1950 petivisse
235 1876 325 1942 fredus,
339 1877 495 1948 proditorem
509 1877 605 1948 patriae,
620 1875 756 1932 satellitem
773 1876 897 1942 Caesada,

98 1954 167 2009 haud
181 1953 265 2008 minus
279 1953 385 2008 irriensis
402 1953 493 2010 animis
505 1952 693 2008 exturbandum
705 1970 783 2022 quam
796 1953 900 2008 Varum

76 2029 256 2090 tQuintilium
267 2029 450 2086 interfecerint.
485 2029 665 2084 Meminissent
681 2027 756 2082 modo
767 2031 814 2084 tot
831 2048 900 2100 prus·

97 2106 207 2173 liorum;
226 2124 334 2176 quorum
349 2109 451 2170 eventu,
464 2109 491 2160 et
507 2104 539 2160 ad
556 2108 714 2176 postremum
732 2103 826 2175 ejectis
844 2106 899 2160 Ros

97 2183 187 2248 manis,
201 2183 265 2238 satis
282 2181 418 2252 probatum
435 2199 513 2252 penes
525 2185 598 2238 utros
615 2198 715 2236 summa
728 2179 792 2236 belli
809 2181 899 2238 inerit.

54 2255 191 2329 46Neque
209 2258 384 2313 Maroboduus
401 2258 526 2328 jactantis
547 2257 587 2312 sui
607 2261 652 2311 aut
671 2255 770 2326 probris
790 2257 822 2312 in
839 2257 900 2316 lues*

98 2340 151 2388 tem
163 2333 314 2397 abstinebat,
325 2332 370 2388 sed
381 2332 574 2404 Inguiomerum
585 2336 683 2396 tenens,
693 2331 737 2386 illo
748 2332 778 2386 in
790 2350 900 2404 corpore

33 2453 38 2464 .
99 2409 176 2461 decus
196 2425 270 2462 omne
294 2407 488 2473 Cheruscorum,
512 2409 580 2464 illius
604 2407 716 2464 consiliis
739 2414 820 2478 gesta
842 2427 900 2481 qu

100 2481 375 2549 prosperecsciderint,
355 2483 548 2538 ttestabatur:
566 2483 699 2542 vecordem
711 2484 901 2542 Arminium&

100 2570 186 2622 rerum
201 2555 315 2622 undum
329 2556 435 2610 alienam
444 2558 569 2627 gloriam
561 2577 590 2616 m
604 2577 634 2614 se
647 2559 758 2625 trahere,
776 2562 903 2631 quonian

101 2628 154 2678 tres
166 2641 258 2692 vacuas
265 2627 417 2714 legionesa
417 2630 532 2698 tducem
550 2633 667 2689 fraudis
659 2653 780 2706 ignarum
776 2579 903 2708 qperfich
