1866 2944
102 125 134 174 ⁷4
327 161 329 168 ,
433 126 553 177 ThclTI

733 191 768 240 [s.
777 191 805 230 n.
814 193 836 230 e.
847 189 891 234 iro.

102 233 219 287 Tmolum
230 233 309 290 levari
319 235 387 291 idem
399 238 426 292 in
437 243 538 310 tempus
550 238 662 305 tributis,
675 240 796 311 mittique
809 259 843 295 ex
853 259 893 294 se-

81 313 167 366 tnatu
178 309 273 380 plaeuit
286 311 329 381 qui
340 315 476 382 presentia
487 319 615 385 speetaret
626 316 813 386 refoveretque.
841 317 895 371 De·

86 405 89 410 ·
102 384 184 440 laetus
200 390 240 440 est
253 387 291 441 M.
300 387 392 444 Aletns
404 408 419 444 e
430 391 564 460 praetoriis,
576 410 609 446 ne
622 392 749 447 oonsulari
760 392 895 447 obtinente

102 461 190 515 Asiam
202 462 328 518 emulatio
339 464 407 519 inter
418 482 491 535 pares
499 470 526 521 et
534 485 566 521 ex
575 485 606 522 eo
617 467 829 538 impedimentum
840 487 895 523 ore·

37 548 38 551 ’
57 541 95 592 48
103 540 181 591 retur.
201 537 364 609 Magnificam
376 541 404 594 in
414 542 543 612 pubhenm
556 544 714 614 largitionem
725 545 799 599 aurit
809 546 897 600 Cesar

102 611 170 667 haud
179 613 262 668 minus
274 619 347 684 grata
358 614 517 682 liberalitate,
528 618 596 689 quod
603 619 669 673 bona
679 619 790 674 AEmilire
802 619 896 684 Musar,

86 709 88 714 ·
104 691 237 760 locupletis
253 691 389 757 intestetae,
410 693 491 762 petita
507 694 535 747 in
551 694 641 749 fiseum
662 693 765 748 AEmilio
786 693 897 764 Lepido,

105 767 178 837 eujus
194 785 208 821 e
225 766 299 821 domo
314 766 454 834 videbatur,
468 774 495 823 et
511 770 612 824 Patulei
629 769 715 824 divitis
729 770 830 839 equitis
846 770 899 823 Ro

104 843 173 897 mani
183 842 357 908 hereditatem,
368 862 519 914 quamquam
530 845 584 916 ipse
596 845 669 900 heres
678 846 705 899 in
716 850 791 916 parte
803 845 900 916 legere

104 922 155 984 tur,
166 919 270 974 tradidit
282 920 320 973 M.
335 920 448 986 Servilio,
458 939 532 991 quem
543 921 669 992 prioribus
678 939 761 991 neque
770 922 901 991 suspeeds

86 1017 89 1022 ·
105 995 199 1050 tabulis
226 995 350 1066 seriptum
376 1000 550 1066 compererat3
575 996 735 1051 nobilitatem
762 997 901 1066 utriusque

84 1071 212 1142 upeeunia
226 1071 371 1143 juvandam,
391 1072 520 1142 praefatus.
556 1072 649 1144 Neque
669 1071 843 1127 hereditatem
861 1091 902 1128 eu·

103 1147 222 1219 jusquani
239 1147 302 1201 adiit
319 1147 369 1202 nisi
386 1165 444 1202 oum
460 1147 571 1203 arnioitia
585 1148 737 1203 meruisset:
755 1148 866 1219 ignotos
877 1152 903 1204 et

107 1223 162 1278 aliis
185 1223 306 1288 infensos,
331 1241 411 1293 eoque
440 1224 578 1295 prinoipem
601 1227 788 1294 nuncupantes,
814 1223 905 1296 proonl

85 1299 215 1357 sarcebat.
252 1299 380 1363 Ceterum,
395 1303 425 1354 nt
437 1300 570 1354 honestam
580 1301 754 1354 innoeentinm
764 1311 905 1371 pauperis·

106 1375 267 1440 temlevavit,
277 1375 315 1430 ita
322 1374 442 1446 prodigos
452 1378 478 1429 et
491 1375 523 1431 ob
535 1376 633 1446 flagitia
644 1379 756 1446 egentes,
771 1376 906 1432 Vibidium

106 1453 255 1516 Varronem,
268 1451 380 1505 Marium
399 1451 535 1522 Nepotem,
548 1452 661 1522 Appium
672 1453 830 1522 Appianum,
845 1453 907 1508 Gor-¹

106 1527 201 1582 nelium
218 1527 320 1593 Sullam,
339 1527 373 1586 Q.
394 1527 524 1582 Vitellium
538 1527 618 1584 movit
634 1531 733 1594 renutu,
746 1531 795 1584 aut
813 1533 908 1600 sponla

108 1603 197 1658 eedere
208 1621 298 1674 passus
310 1607 358 1658 est.

62 1681 100 1736 49
143 1679 229 1734 Isdem
241 1679 399 1750 temporibus
411 1678 486 1734 deum
498 1678 565 1734 ades
575 1683 706 1736 vetustate
719 1683 764 1734 ant
777 1681 838 1753 igni
851 1682 908 1738 abe

107 1756 166 1810 litas
178 1760 325 1826 ereptasque
334 1755 365 1810 ab
377 1757 497 1827 Augusto
506 1755 639 1821 dedicarit,
649 1755 743 1812 Libero
751 1757 911 1829 Liberoeqm

108 1837 135 1887 et
152 1833 239 1887 Cereri
253 1832 328 1903 juxta
342 1832 438 1886 oiroum
451 1832 597 1897 maximum,
614 1851 690 1903 qnam
707 1834 740 1888 A„
752 1832 911 1889 Postumia

85 1907 217 1962 idiotator
237 1911 349 1963 voverat.
385 1906 532 1977 Eodemque
555 1908 584 1962 in
600 1908 657 1963 loeo
674 1908 753 1963 aedem
772 1908 864 1965 hlorae
881 1908 912 1965 ab

108 1983 190 2038 Luoio
203 1987 230 2038 et
241 1984 331 2038 Mareo
342 1981 464 2037 Publiciis
476 1982 590 2038 edilibus
605 1985 783 2050 constitutam,
800 1989 829 2040 et
846 1986 912 2040 Jana

109 2058 240 2128 templum,
254 2058 322 2129 qnod
339 2057 406 2129 apud
420 2059 504 2113 lorum
518 2059 647 2114 olitorium
659 2060 689 2115 (l.
699 2059 808 2116 Duilius
826 2066 913 2116 strux-

110 2139 174 2200 erat,
197 2135 241 2206 qui
257 2135 354 2206 primus
363 2153 417 2188 rem
434 2135 576 2190 Romanam
594 2141 714 2206 prospere
731 2137 801 2192 muri
820 2137 913 2209 gad.

89 2211 318 2280 tiriumphnmque
331 2209 446 2266 navalem
458 2209 491 2265 de
503 2211 589 2266 Poenis
601 2211 702 2266 meruit.
739 2213 807 2282 Spei
817 2213 914 2268 aedm

112 2286 261 2341 Germanioo
273 2290 402 2342 sacratur:
420 2286 486 2341 hane
497 2287 593 2342 Atilius
607 2291 713 2344 voverat
724 2288 822 2344 eodem
839 2289 914 2346 heus

66 2367 105 2420 50
146 2361 314 2416 Adolesoebat
339 2362 437 2417 interea
459 2362 501 2416 lex
523 2363 680 2434 majestatis:
710 2367 738 2420 et
755 2365 916 2436 appulsu

113 2436 245 2500 Vetilium,
264 2437 357 2492 sororis
374 2438 489 2508 Augusti
505 2443 616 2510 neptem,
635 2441 695 2507 qnia
711 2441 854 2512 probrosis
869 2459 918 2498 sn*

113 2510 231 2564 monibus
243 2511 328 2566 divum
340 2515 488 2583 Augustum
499 2532 529 2570 ao
537 2515 669 2571 Tiberium
682 2519 712 2572 et
727 2521 848 2574 matrem
865 2519 919 2590 ej·

114 2583 243 2646 illusisset,
265 2585 410 2656 Caesarique
427 2606 541 2645 eonnexa
558 2590 683 2646 adulterio
699 2596 852 2662 teneretur,
871 2609 920 2650 mv

95 2663 110 2706 2
115 2655 216 2724 jestutis
239 2656 337 2714 delator
356 2663 507 2721 meessebat.
543 2665 584 2722 De
601 2667 728 2724 adulterio
745 2671 816 2726 satis
836 2685 929 2728 eam
