1866 2944
246 99 441 151 ansanum
459 101 511 151 111.
531 101 633 149 16-19.
780 99 826 150 108

29 163 153 278 aanor?
167 215 266 284 poem
289 212 413 267 mmmm
436 210 621 283 mamm
638 225 699 280 pun
722 212 753 266 ut
776 207 826 264 on.

29 291 123 346 Pisoni
134 289 187 344 lilio
199 287 388 354 eonoederetm,
400 289 473 358 isque
485 303 629 358 praenomen
639 289 769 352 mutaret;
787 284 828 341 M.

29 369 102 432 Piso,
117 372 196 421 exuta
213 365 339 435 dignitate
351 368 378 419 et
395 367 500 435 aooepto
515 361 684 434 quinquagies
700 361 828 426 moreio,

31 443 60 499 in
71 443 162 498 desem
175 459 254 496 sunus
266 441 431 511 relegaretur,
450 457 571 495 eonoessa
586 438 713 494 Planoinn
730 437 829 494 ineolu-

28 521 124 576 mitate
147 519 181 573 ob
201 535 289 588 preses
312 518 446 587 Augusta.
482 515 570 571 Mults
592 533 625 570 eu
647 533 678 570 ea
695 507 876 571 sententiam

28 597 151 668 mitigata
162 597 224 650 sunt
240 593 395 664 sprineipe:
414 611 446 648 ns
462 610 554 647 nomeu
566 590 667 646 Pisonis
684 591 759 646 fastis
774 591 828 646 exi·

26 676 154 736 meretur,
169 670 269 742 quando
280 669 319 724 M.
328 669 442 738 Antonii,
454 669 498 740 qui
509 668 603 723 bellum
616 669 705 739 patris
716 669 827 734 lenisset,

26 751 85 804 Juli
97 748 215 812 Antonii,
229 747 273 818 qui
291 746 394 802 domum
413 746 528 817 Augusti
542 744 671 810 violasset,
688 749 827 800 manarunt.

27 827 64 881 Et
84 825 126 880 M.
139 823 261 878 Pisonem
275 823 420 894 ignominie
435 822 539 886 exemit,
558 821 734 893 ooneessitque
746 822 770 876 ei
785 825 854 892 put

25 909 106 960 terna
124 903 200 968 bona,
220 901 283 956 satis
298 903 395 967 firmus,
411 905 442 956 ut
455 919 523 972 sepe
537 901 682 965 memoravi,
696 899 829 954 advemrn

26 981 177 1054 peouniarn,
191 982 218 1034 et
230 982 286 1032 tum
297 977 395 1048 pudore
407 977 529 1032 absolute
538 977 664 1032 Pinnoina
675 977 827 1048 placabilior.

26 1059 120 1129 Atque
138 1056 215 1120 idem,
229 1073 287 1110 eum
299 1054 418 1108 Valerius
434 1054 589 1110 Messalinus
604 1053 706 1125 siguum
725 1061 854 1110 aureum!

26 1137 56 1190 iu
76 1133 132 1189 aede
151 1131 247 1186 Martis
265 1130 374 1196 Ultoris,
393 1130 496 1186 Cremna
516 1131 625 1186 Severus
646 1147 714 1186 aram
737 1131 830 1187 ultioni

26 1208 199 1267 statuendam
211 1209 378 1272 monuissent,
393 1207 531 1277 prohibuit,
548 1205 582 1262 ob
600 1211 718 1262 externas
733 1225 764 1264 aa
779 1208 829 1264 vio·

27 1288 112 1344 terias
131 1285 230 1342 saersri
247 1284 375 1351 dictitans,
392 1283 531 1339 domestica
544 1283 611 1338 mala
625 1284 732 1340 tristitia
748 1285 830 1356 operi-

27 1364 107 1420 enda.
139 1361 282 1417 Addiderat
295 1361 448 1416 Messalinus
457 1360 558 1416 'liberio
571 1365 597 1416 et
606 1363 731 1434 Augusta
743 1365 769 1416 et
778 1363 856 1417 Ant

27 1443 111 1497 tonis
126 1443 155 1495 ot
172 1438 320 1510 Agrippina
337 1439 473 1509 Drusoque
485 1436 518 1492 ob
533 1437 671 1494 viudiotam
688 1439 831 1494 Germanici

28 1522 121 1590 grates
148 1515 268 1586 agendas,
288 1515 458 1586 omiseratque
476 1513 577 1570 Claudii
597 1514 759 1570 mentionem
795 1515 856 1570 nto

28 1593 207 1650 Messalinum
216 1591 318 1662 quidem
329 1592 360 1646 L.
371 1593 500 1662 Asprenas
513 1595 604 1646 senatu
616 1609 699 1646 eoram
711 1607 832 1662 permino-

29 1675 107 1726 tatus
120 1673 171 1732 est,
180 1667 331 1738 anprudens
338 1669 494 1740 preterisset
499 1691 507 1734 ;
527 1673 621 1723 sotum
630 1667 731 1722 demum
740 1683 833 1722 nomen

31 1745 139 1802 Claudii
152 1745 308 1816 adscriptum
324 1749 372 1800 est.
408 1745 482 1810 Alibi,
496 1748 593 1816 quanto
605 1744 679 1814 plura
692 1744 857 1798 reoentiumd

30 1843 83 1879 seu
93 1826 214 1878 veterum
226 1821 335 1886 revolvo,
352 1825 426 1877 tanto
442 1823 524 1893 magis
539 1820 650 1876 ludibria
665 1837 750 1874 rerum
767 1835 832 1875 mor-

29 1901 128 1958 talium
145 1898 245 1954 ounetis
261 1899 290 1954 in
302 1899 412 1970 negotiis
430 1899 606 1955 obversantur.
642 1897 742 1969 Quippe
757 1897 857 1968 fama?

30 1997 89 2050 spe,
107 1975 281 2040 veneratione,
297 1976 384 2046 potius
400 1993 488 2031 omues
508 1975 703 2031 destinabantur
718 1975 831 2046 imperio,

29 2073 115 2126 quam
128 2070 206 2122 quem
218 2051 333 2108 futurum
345 2053 484 2123 prinoipem
494 2037 600 2108 lortuna
611 2052 638 2107 in
649 2052 749 2108 ooeulto
763 2057 833 2108 tene·

30 2131 89 2187 bat.
129 2129 223 2183 Pauois
246 2132 306 2198 post
330 2128 418 2184 diebus
443 2129 529 2184 Cesar
549 2133 638 2184 auotor
661 2130 763 2184 senatui
782 2129 883 2188 fuitle

34 2205 148 2262 Vitellio
160 2208 236 2276 atque
251 2205 362 2260 Veranio
378 2209 405 2260 et
422 2206 523 2261 Servom
539 2205 681 2261 saeerdotia
695 2203 833 2262 tribuendi.

30 2281 159 2340 Fulcinio
182 2281 332 2351 suffragium
350 2281 382 2336 ad
399 2282 507 2338 bonores
524 2282 659 2352 pollicitus,
678 2283 778 2338 monuit
801 2299 834 2337 ne

31 2357 188 2416 facundiam
205 2358 326 2413 violentia
349 2358 527 2428 praecipitaret.
562 2359 591 2413 Is
608 2359 666 2414 finis
686 2359 736 2415 fuit
759 2359 859 2414 oleis-2

32 2439 122 2498 oensis
142 2439 286 2494 Germanioi
304 2443 394 2505 morte,
411 2457 463 2494 uon
477 2438 552 2494 modo
568 2439 636 2511 apud
649 2439 706 2496 illos
719 2441 835 2496 homines

33 2518 153 2590 quitum
163 2515 280 2588 agebant,
290 2516 368 2571 etiam
376 2516 471 2572 secutis
480 2515 645 2587 temporibus,
654 2517 724 2572 vario
733 2531 835 2571 rumore

32 2596 145 2667 jactata
180 2591 254 2648 Adeo
265 2592 376 2646 maxima
392 2609 498 2662 queque
510 2591 628 2660 ambigua
639 2595 708 2652 sumt,
721 2589 781 2641 dum
794 2589 860 2640 aliia

34 2667 233 2742 quoquomodo
251 2666 340 2724 audita
350 2684 398 2737 pro
415 2665 551 2735 sompertis
563 2665 667 2725 habeut,
680 2660 723 2713 alii
738 2673 799 2711 vora
810 2673 838 2706 m
