1936 2968
66 189 128 230 ω
146 188 191 238 ⁶¹]
267 125 463 178 ANNALIUM
482 127 552 176 XIV.
571 128 674 174 40-45.
825 125 872 174 828

66 257 135 310 quas
161 253 239 292 nemo
262 235 393 306 prohibuit
412 239 457 292 ant
474 236 601 308 prodidit;
621 235 738 306 quamvis
761 232 873 288 nondum

66 331 199 370 concusso
211 316 317 367 senatus
329 313 454 378 consulto,
468 313 535 384 quod
547 311 700 383 supplicium
711 309 762 364 toti
774 308 874 364 familie

65 389 250 445 minitabatur.
287 389 426 444 Decernite
435 389 548 444 Hercule
557 387 742 458 impunitatem,
756 389 786 440 ut
799 397 897 456 queml»

66 466 185 538 dignitas
205 482 254 520 sna
270 463 398 530 defendet,
416 483 474 520 cum
491 465 643 536 proiectura
660 462 731 518 urbis
748 479 801 518 non
818 479 874 532 pro

65 543 166 598 inerit!
189 542 273 606 Quem
289 559 411 596 numerus
430 560 559 596 servornm
576 539 701 604 tuebitur,
719 557 778 594 curn
794 536 896 596 Pede-6

65 620 142 674 nium
167 615 317 672 Secundum
341 615 520 689 quadringenti
542 635 595 672 non
614 616 791 687 protexerint?
823 614 872 670 Oui

65 694 168 750 familis
193 710 270 762 opem
293 693 377 758 ieret,
397 712 453 764 ques
472 713 506 750 ne
529 695 556 749 in
583 697 654 748 metu
683 691 785 764 quidem
808 691 874 760 peri-

66 771 128 826 cula
140 775 235 824 nostra
251 769 383 826 advertit?
401 773 450 835 An,
468 775 498 826 nt
516 770 619 842 quidam
634 769 731 840 fingere
748 785 800 822 non
818 769 896 824 eru-⁶

64 849 191 914 bescunt,
216 845 322 916 injurias
347 865 406 901 suas
427 847 499 902 ultus
522 851 562 902 est
582 845 739 910 interlector,
762 843 873 916 quiade

64 928 182 995 paterne
206 923 315 992 pecnnia
337 926 505 994 transegerat,
530 927 575 978 aut
599 923 696 978 avitum
719 920 874 992 mancipium

64 999 279 1056 detrahebatur?
298 1001 490 1070 pronuntiemus
499 1000 567 1055 ultro
577 999 707 1055 dominum
712 997 771 1068 jure
780 1016 874 1053 casum

63 1076 162 1132 videri.
203 1074 281 1130 Libet
293 1079 444 1147 arguments
455 1076 603 1146 conquirere
614 1075 642 1129 in
653 1091 684 1129 eo
696 1073 764 1144 quod
776 1074 873 1145 sapien·
880 1069 918 1123 44

63 1152 184 1208 tioribus
198 1151 365 1206 deliberatum
380 1153 439 1206 esti
466 1151 517 1207 Sed
532 1156 560 1206 et
576 1152 599 1207 si
613 1169 681 1206 nune
697 1150 806 1221 primum
821 1155 874 1206 sta·

65 1229 204 1284 tuendum
227 1227 385 1292 haberemus,
414 1228 550 1284 creditisne
578 1245 679 1283 servum
706 1226 873 1283 interficiendi

64 1305 170 1362 domini
191 1305 303 1359 animum
320 1305 492 1375 insumpsisse,
511 1311 543 1359 ut
560 1321 612 1360 non
629 1321 679 1358 vox
699 1303 783 1358 minax
807 1303 873 1358 exci-

63 1383 153 1446 deret,
173 1380 239 1434 nihil
255 1398 302 1451 per
318 1381 489 1436 temeritatem
505 1379 718 1452 proloquereturl
738 1380 803 1436 Sane
815 1383 895 1434 con-2

63 1459 159 1514 silium
172 1456 292 1522 occuluit,
305 1456 386 1511 telum
405 1457 472 1512 inter
492 1458 595 1529 ignaros
612 1457 728 1528 paravit:
753 1475 815 1512 num
831 1474 872 1510 ex·

63 1535 162 1591 cubias
188 1534 317 1598 transiret,
342 1533 452 1589 orbiculi
472 1535 540 1589 iores
559 1533 709 1599 recluderet,
730 1532 815 1592 lumen
836 1532 873 1588 in·

63 1613 160 1674 ferret,
182 1609 276 1664 caedem
293 1613 408 1680 patraret
425 1611 542 1666 omnibus
565 1610 678 1666 nesciis?
713 1609 800 1664 Mults
821 1617 894 1664 sce-8

63 1687 131 1744 leris
153 1684 249 1740 indicia
268 1687 444 1756 preveniunt:
463 1688 531 1743 servi
551 1687 575 1742 si
594 1685 711 1758 prodant,
735 1704 871 1757 possumus

63 1761 172 1834 singuli
189 1762 256 1816 inter
273 1762 367 1832 plures,
380 1763 432 1817 tuti
444 1764 511 1818 inter
523 1763 619 1832 anxios,
631 1766 768 1834 postremo,
781 1763 804 1818 si
815 1781 872 1834 per-

62 1837 187 1896 eundum
200 1838 241 1902 sit,
254 1855 307 1892 non
318 1839 395 1894 inulti
406 1839 475 1894 inter
489 1844 610 1894 nocentes
627 1857 710 1910 agere.
748 1839 895 1910 suspectat

62 1912 214 1986 majoribus
226 1915 321 1970 nostris
333 1915 438 1971 fuerunt
449 1915 554 1986 ingenia
572 1934 710 1981 servorum,
724 1917 801 1971 etiam
812 1934 872 1972 eum

62 1993 95 2048 in
114 1989 187 2062 agris
203 1994 249 2044 aut
265 1990 381 2046 domibus
398 1992 481 2048 isdem
497 1996 670 2057 nascerentur,
689 1993 871 2064 caritatemque

62 2067 235 2123 dominorum
247 2067 336 2122 statim
348 2068 498 2138 acciperent.
535 2069 675 2140 Postquam
684 2087 745 2125 vero
755 2070 895 2128 nationest

62 2147 96 2200 in
110 2141 216 2198 familiis
228 2143 359 2210 habemus,
373 2145 466 2215 quibus
483 2144 577 2200 diversi
592 2146 665 2214 ritus,
677 2150 783 2205 externa
800 2165 872 2202 sacra

62 2224 118 2276 ant
128 2217 203 2274 nulls
214 2223 283 2287 sunt,
295 2220 427 2276 colluviem
436 2221 512 2277 istam
524 2222 626 2276 nonnhi
637 2226 709 2278 metu
720 2223 869 2278 coercueris.

62 2299 108 2352 At
121 2294 227 2366 quidem
244 2296 358 2354 insontes
373 2297 509 2368 peribunt:
528 2315 587 2352 nam
599 2303 626 2353 et
638 2317 670 2354 ex
686 2299 744 2356 fuso
756 2300 893 2356 exercituo

65 2391 132 2429 cnm
153 2370 266 2426 decimus
284 2374 390 2444 quisque
408 2374 471 2429 iusti
488 2374 587 2441 feritur,
606 2375 684 2430 etiam
704 2376 803 2432 strenui
820 2392 871 2429 sor-

62 2450 182 2505 tiuntur.
219 2447 307 2504 Habet
325 2449 420 2520 nliqnid
438 2467 470 2504 ex
491 2450 578 2521 iniquo
595 2469 669 2507 omne
689 2469 809 2523 magnum
830 2457 893 2508 err-⁷

64 2524 194 2596 emplum,
208 2524 277 2593 quod
288 2529 377 2580 contra
388 2526 502 2596 singulos
518 2527 631 2582 utilitate
643 2527 746 2597 publica
757 2523 871 2594 rependi·

63 2601 143 2657 eure’
181 2600 319 2656 Sententiae
332 2602 414 2658 Cassii
425 2606 456 2656 ut
472 2621 546 2656 nemo
558 2621 625 2657 unns
638 2605 727 2655 contre
743 2601 781 2652 ire
793 2617 870 2652 ausus
879 2599 915 2652 45

64 2679 120 2742 est,
134 2675 174 2752 ita
186 2675 294 2732 dissone
305 2695 380 2733 voces
396 2676 591 2748 respondebant,
609 2689 741 2728 nnmerum
754 2675 799 2724 aut
812 2677 871 2725 sete
