1866 2944
85 139 131 186 100
421 137 543 185 ΤΔΟΙΤΙ

719 198 757 248 [n.
769 199 830 238 mc.
842 198 888 240 rra

82 247 105 302 si
117 247 229 301 recentia
245 249 374 317 purgaret,
392 265 475 318 neque
494 247 627 302 defensum
644 247 806 302 absolutioni
821 253 890 312 erat,

61 324 105 381 tsi
116 326 248 378 teneretur
259 323 397 394 majoribus
408 323 521 394 flagitiis.
558 324 622 378 Post
635 341 711 395 quem
724 324 850 379 Semaeus
862 327 893 380 et

82 399 209 455 Veranius
231 404 258 454 et
274 399 395 454 Vitellius
414 399 539 455 consimili
556 399 649 464 studio,
668 399 715 454 sed
732 401 821 455 multa
839 401 893 456 elo-

82 478 187 549 quentia
204 476 333 541 Vitellius,
354 477 475 548 objecere,
501 476 559 531 odio
578 476 724 530 Germanioi
744 480 774 532 et
796 496 891 532 rernm

81 572 205 608 novarum
217 553 303 608 studio
315 553 435 608 Pisonem
446 553 540 625 vulgus
556 553 673 617 militum,
686 571 733 623 per
750 553 892 608 licentiam

82 636 109 685 et
128 631 255 685 sociorum
273 630 388 701 injurias,
408 648 439 684 eo
459 649 542 700 nsque
563 630 714 700 corrupisse,
736 633 770 684 nt
791 649 891 700 parens

81 708 211 778 legionum
223 725 238 761 a
250 706 393 761 deterrimis
405 706 575 778 appellaretur
582 729 590 772 ;
609 711 699 761 contra
709 706 738 760 in
754 707 892 777 optimum

83 802 216 856 quemque,
229 782 338 838 maxime
352 783 380 837 in
396 783 502 838 comites
514 787 540 838 et
553 783 647 837 amicos
664 783 826 852 Germanioi,
844 803 891 839 ste-

82 862 165 926 visse;
190 862 320 930 postremo
337 859 421 930 ipsum
441 859 617 914 devotionibus
639 862 666 913 et
687 877 791 914 veneno
813 879 892 931 pere·

82 937 158 992 misse
169 957 176 1002 ;
194 955 266 990 sacra
274 935 333 990 binc
342 940 369 990 et
381 935 565 991 immolationes
575 935 697 990 nefandas
709 935 797 1006 ipsius
807 942 892 1009 atquc

82 1013 217 1078 Plancina,
231 1012 338 1083 petitam
355 1013 431 1066 armis
444 1031 498 1066 rem
514 1012 647 1083 publicam,
660 1017 743 1082 utque
763 1031 831 1069 reus
849 1016 894 1086 agi

40 1093 176 1160 14posset,
196 1090 249 1144 acie
274 1089 378 1143 victum
420 1089 543 1144 Defensio
564 1090 591 1143 in
613 1089 704 1143 ceteris
725 1090 892 1160 trepidavit:

81 1184 141 1220 nam
164 1184 246 1236 neque
267 1165 431 1220 ambitionem
454 1166 590 1220 militarem
613 1184 696 1236 neque
720 1167 894 1236 provinciam

84 1243 194 1314 pessimo
212 1243 304 1312 cuique
321 1242 464 1310 obnoxiam,
481 1261 515 1297 ne
531 1243 697 1298 contumelias
716 1243 830 1312 quidem
851 1246 894 1300 ad-

61 1334 186 1380 aversum
206 1319 391 1389 imperatorem,
411 1319 515 1374 infitiari
535 1325 644 1391 poterat.
680 1319 775 1374 Solum
794 1322 895 1378 veneni

84 1397 182 1452 crimen
193 1397 263 1451 visus
275 1401 316 1450 est
328 1395 448 1462 diluisse;
468 1396 537 1467 quod
550 1415 583 1452 ne
601 1400 767 1452 accusatores
784 1399 895 1470 quidem

84 1473 147 1528 satis
159 1472 301 1537 firmabant,
314 1472 342 1526 in
357 1473 473 1526 convivio
492 1473 643 1538 Germanioi,
657 1491 716 1528 cum
732 1492 821 1546 super
833 1495 896 1532 eum

83 1550 144 1605 Piso
153 1549 331 1614 discumberet,
342 1549 450 1604 iniectos
459 1551 576 1606 manibus
588 1551 643 1622 ejus
653 1550 723 1605 cibos
733 1559 894 1623 argmenta.

61 1640 75 1686 3
85 1626 187 1697 Quippe
199 1626 337 1681 absurdum
348 1626 489 1692 videbatur,
502 1627 571 1682 inter
588 1627 669 1682 aliena
680 1628 794 1684 servitia
809 1634 841 1685 et
853 1634 895 1686 tot

84 1705 239 1760 adstantium
252 1707 317 1770 visu,
330 1706 385 1776 ipso
396 1706 545 1761 Germanico
558 1725 650 1772 coram,
659 1705 685 1760 id
698 1725 806 1764 ausum.
849 1711 896 1766 ol-

83 1782 232 1854 ferebatque
244 1783 365 1836 lamiliam
381 1801 448 1848 reus,
462 1787 488 1838 et
500 1784 629 1838 ministros
646 1783 673 1838 in
689 1787 832 1841 tormenta
851 1787 894 1841 fla·

60 1859 190 1930 4gitabat.
227 1859 278 1914 Sed
295 1858 394 1930 judices
415 1878 461 1930 per
481 1858 582 1915 diversa
602 1859 782 1931 implacabiles
808 1867 894 1929 erant,

85 1935 170 1990 Cesar
188 1936 221 1991 ob
238 1935 333 1991 bellum
349 1936 485 2006 provinoiae
502 1937 608 2003 illatum,
627 1940 734 1991 senatus
753 1958 897 2011 nunquam

84 2014 146 2067 satis
168 2012 265 2068 credito
287 2012 341 2067 sine
359 2012 449 2067 fraude
470 2013 648 2068 Germanicmn
668 2013 806 2071 interisse.
848 2018 896 2054 *ὓ

85 2089 245 2159 scripsissent
263 2089 469 2160 expostulantem
489 2089 558 2160 quod
574 2089 644 2144 baud
661 2090 750 2145 minus
770 2093 895 2149 Tiberim

61 2181 160 2236 squam
178 2166 239 2221 Piso
252 2167 369 2222 abnuere.
408 2166 489 2221 Simul
506 2167 595 2238 populi
612 2169 672 2221 ante
690 2169 797 2224 curiam
815 2189 895 2227 voces

85 2241 267 2297 audiebantur:
297 2258 350 2296 non
372 2245 560 2313 temperaturos
584 2241 709 2308 manibus,
736 2245 763 2299 si

62 2319 224 2379 ssententias
242 2318 373 2374 evasisset.
409 2319 564 2391 Effigiesque
582 2319 683 2374 Pisonis
702 2325 851 2380 traxerant
869 2325 895 2379 in

87 2393 220 2446 Gemonias
242 2411 271 2448 ac
295 2394 454 2462 divellebant,
475 2397 503 2450 ni
521 2397 597 2467 jussu
616 2397 740 2468 principis
764 2405 895 2470 protecta

63 2465 252 2534 qrepositaeque
265 2468 356 2522 forant.
393 2471 480 2540 Igitur
491 2471 588 2526 inditus
602 2473 699 2528 lecticae
711 2477 740 2529 et
755 2495 772 2529 a
783 2477 895 2533 tribuno

86 2537 210 2601 praetoriae
231 2541 341 2596 cohortis
363 2542 488 2600 deductus
510 2551 556 2612 est,
576 2549 646 2603 vario
664 2567 781 2616 rumore,
801 2557 895 2609 custos

42 2607 164 2668 15saluti
175 2627 208 2662 an
219 2615 308 2667 mortis
321 2621 424 2672 exactor
436 2626 594 2690 sequeretur.
637 2624 737 2680 Eadem
757 2627 896 2685 Plancina

87 2679 188 2744 invidia,
215 2686 296 2754 major
323 2693 424 2757 gratim
454 2713 535 2766 eoque
563 2699 713 2771 ambiguum
741 2702 897 2762 habebam
