2026 2992
47 207 95 246 ω
109 206 142 246 22
253 141 450 192 ANNALIUM
469 141 518 190 lll.
531 139 634 190 65-69.
797 137 843 188 129

45 207 192 311 insontibus
210 254 368 326 peficulosa;
386 273 445 311 curu
462 270 539 324 super
554 255 595 308 tot
609 252 740 307 senatores
755 249 846 306 eduen

46 350 86 386 sos
107 330 301 386 facundissimis
318 331 400 386 totius
423 329 501 395 Asis,
519 345 601 399 eoquo
617 326 650 382 sd
673 325 843 383 accusandum

45 407 159 473 delectis,
173 407 340 478 responderet
352 407 423 462 solus
434 409 461 460 et
478 404 565 460 orsudi
576 404 685 469 nescius,
697 403 801 475 proprio
815 402 843 459 iu

45 493 122 548 metu,
137 484 184 554 qui
195 483 335 538 exercitam
347 499 447 553 quoque
459 479 628 552 eloquentiam
639 479 756 536 debilitat
767 499 775 546 ς
792 497 845 536 uon

45 561 206 630 temperante
225 559 327 614 Tiberio
339 557 402 629 quin
413 559 538 628 premeret
555 573 625 622 voce,
640 555 722 624 vultu,
734 573 764 612 eo
776 555 845 628 quod

44 635 98 706 ipse
110 635 266 692 creberrime
275 633 459 706 iuterrogsbst,
470 652 552 705 neque
563 631 679 690 refellere
688 641 733 689 eut
742 633 844 690 eludere

43 712 163 777 debatur,
183 730 214 767 ac
232 729 301 782 supe
318 711 395 766 etism
414 710 584 766 confitendum
602 713 666 776 erat,
689 728 723 766 ue
746 709 844 766 frustra

44 789 216 859 quaesivisset.
254 788 346 842 Servos
371 805 471 858 quoque
495 786 581 853 Silani,
606 791 637 843 ut
653 787 789 842 tormentis
807 787 868 842 int

44 867 250 936 terrogarentur,
270 870 342 918 actor
362 863 479 935 publium
497 863 623 935 mancipio
638 866 785 935 acceperat:
809 867 845 932 ct,

44 960 77 998 ue
90 941 148 1012 quis
159 940 365 996 necessariorum
374 940 476 1011 juvaret
491 939 684 1012 periclitantem,
702 939 845 1011 majestatie

44 1017 151 1072 crimina
159 1015 346 1081 subdebantur,
356 1015 467 1071 vinclum
479 1019 506 1072 ct
518 1015 764 1072 cessissemus
792 1015 869 1088 Ipsa

44 1098 89 1148 tur
99 1093 184 1164 petito
197 1109 339 1163 paucorum
352 1091 450 1147 dierum
463 1093 600 1164 interjectu
616 1091 788 1148 defensionem
805 1092 846 1148 sui

45 1170 167 1236 descruit,
188 1169 260 1224 ausis
279 1169 312 1225 sd
324 1169 451 1225 (lusorem
468 1169 598 1236 codicillis,
616 1169 708 1242 quibua
724 1169 845 1226 invidiam

47 1251 74 1302 et
84 1265 174 1319 preces
187 1246 336 1301 miscuerat.
373 1246 554 1317 liberiusque
565 1247 593 1302 in
606 1245 720 1302 Silanum
731 1245 845 1318 parebat,
855 1243 892 1300 68

49 1342 97 1393 quo
112 1323 265 1378 excusatius
283 1322 332 1378 sub
350 1323 465 1393 exemplo
480 1323 662 1394 acciperentur,
677 1321 775 1379 libellos
794 1323 846 1380 divi

48 1400 161 1471 Augusti
173 1399 209 1454 de
224 1399 321 1454 Voleso
337 1399 450 1454 Messala
465 1399 580 1471 ejusdem
597 1399 667 1455 Asis
685 1401 844 1471 proconsule,
882 1403 889 1453 .“

48 1477 197 1546 factumque
220 1476 250 1530 iu
267 1493 327 1530 eum
351 1480 455 1532 senatus
473 1476 625 1541 consultum,
643 1476 747 1532 recitari
762 1475 844 1548 jubet.

48 1553 109 1608 lun
132 1553 166 1607 L.
181 1552 306 1606 Pisonem
323 1553 476 1608 seutentiam
499 1556 581 1625 roget.
617 1553 665 1608 Ille
686 1553 795 1608 multum
814 1553 872 1610 del

49 1630 182 1684 clementia
206 1628 328 1698 principis
350 1629 479 1699 prefatus,
506 1648 572 1702 aque
588 1634 665 1701 etque
682 1629 737 1701 igni
761 1629 846 1684 Sileno

48 1703 252 1761 interdicendum
277 1706 385 1771 censuit,
404 1706 537 1779 ipsumque
554 1707 582 1761 iu
600 1705 709 1762 insulem
733 1707 846 1776 Gyarum

48 1782 222 1854 relegandum.
258 1781 356 1837 Eadem
380 1784 466 1848 ceteri,
490 1783 540 1838 uisi
564 1783 633 1854 quod
658 1783 705 1838 Cu.
718 1781 870 1837 Lentulust

48 1859 189 1930 separanda
199 1857 280 1912 Sileni
291 1863 407 1914 meterus
417 1859 491 1927 bone,
504 1859 609 1931 (quippe
621 1859 670 1914 slia
684 1865 790 1930 parente
804 1877 849 1930 ge·
866 1889 872 1906 ·

46 1937 116 2004 uiti)
139 1934 324 2006 reddendoque
347 1935 400 1990 tilio
423 1935 496 2005 dixit,
517 1939 645 1991 mouente
666 1935 775 1992 [liberio.
812 1937 894 1994 At69

46 2012 184 2067 Cornelius
197 2011 339 2077 Dolabella,
353 2011 413 2068 dum
427 2012 597 2068 adulationem
608 2012 709 2084 longius
722 2012 847 2083 sequitur,

44 2089 179 2160 increpitis
199 2088 229 2143 O.
249 2089 329 2144 Sileni
346 2089 458 2145 moribus
477 2089 574 2145 eddidit
591 2108 624 2144 ue
643 2089 699 2160 quis
716 2090 772 2146 vita
789 2108 872 2161 pro··

44 2166 137 2222 brosus
149 2170 179 2220 ct
194 2168 301 2234 opertus
317 2165 422 2221 infamis
436 2167 593 2238 provinciam
611 2167 755 2231 sortiretur,
770 2167 847 2237 idque

44 2245 165 2313 princeps
191 2240 351 2312 dijudicaret.
387 2243 457 2298 Nam
480 2242 612 2314 elegibus
633 2242 727 2298 delicta
743 2244 871 2314 puniri:2

46 2321 143 2389 quanto
156 2317 213 2372 iore
224 2317 313 2372 mitius
325 2319 354 2373 in
369 2318 447 2390 ipsos,
465 2319 555 2374 melius
567 2319 595 2374 in
613 2319 703 2384 socios,
721 2318 849 2390 provideri

48 2413 78 2448 ne
95 2395 269 2464 pecmretur?
287 2394 431 2451 Adversum
452 2415 508 2467 qus
532 2395 653 2452 disseruit
674 2395 776 2452 Oaescr:
796 2397 897 2456 nont?

48 2469 151 2540 quidem
163 2468 214 2524 sibi
222 2470 313 2540 ignora
325 2491 381 2542 quse
392 2471 424 2526 de
442 2473 528 2528 Silano
543 2471 723 2542 vulgubsntur,
741 2472 787 2527 sed
797 2489 850 2526 uou

49 2565 79 2600 cx
97 2563 204 2600 rumore
226 2547 410 2613 statuendum
435 2549 530 2602 multoe
554 2548 583 2602 in
605 2548 742 2618 provinciis
760 2551 851 2600 contre

49 2641 123 2694 quam
141 2639 203 2692 spes
225 2627 271 2677 sut
288 2627 374 2678 metus
392 2623 425 2680 de
442 2623 492 2678 illis
510 2624 589 2678 fuerit
607 2624 698 2694 egisse.
734 2617 877 2675 Excitoris

52 2697 334 2769 quosdemedmeliorc
341 2699 518 2771 magnitudine
527 2716 621 2765 rerum,
628 2697 765 2754 hebescere
774 2691 835 2744 alios
843 2707 854 2746 s

84 2787 144 2826 ue..
152 2787 211 2820 ΝΠ,
219 2787 237 2818 1.
441 2789 464 2830 ι
