1866 2944
20 147 134 198 mmm
232 85 426 136 ANNALIUM
445 87 482 136 11.
493 86 597 182 ss-st.
783 80 816 132 78

19 197 161 269 deceperit,
186 213 278 267 magna
299 215 359 253 oum
381 197 452 252 elude
473 197 614 252 Germania
634 199 662 252 et
679 195 819 268 ignominia

18 295 77 341 suu,
91 292 151 330 oum
163 273 264 343 eonjux,
277 291 336 328 eum
352 274 420 330 filius
436 274 491 344 ejus
506 273 640 328 servitium
655 272 738 328 adhue
755 271 818 327 tole

17 355 88 410 rent.
125 350 163 402 At
175 367 211 413 se,
222 349 353 404 duodecim
362 350 505 422 legionibus
516 349 627 420 petitum
636 349 700 405 duos
707 348 841 414 'liberio‚2

16 429 147 486 illibatam
169 425 351 480 Germanorum
375 426 481 497 gloriam
505 425 653 491 servavisse,
678 443 737 480 mox
761 441 819 480 oon·

16 501 164 562 ditionibus
176 501 255 571 equis
265 499 427 569 ¹dissessum
445 519 528 573 neque
539 501 661 573 penitere
673 500 741 573 quod
752 502 818 572 ipso·

14 600 79 638 rum
91 579 120 634 in
133 595 214 632 manu
228 577 271 643 sit,
282 578 412 649 integrum
427 577 562 634 adversum
578 578 709 633 Rommos
723 575 819 632 belum

14 677 51 717 an
69 672 163 728 pacem
180 653 339 710 incruentam
358 653 456 710 malint.
492 654 543 710 His
561 652 667 708 rooibus
684 653 842 708 moneas

13 731 152 792 exereitus
172 731 280 800 propriae
301 747 401 802 quoque
422 747 505 786 eausa
525 729 697 795 stimulabant,
723 747 783 785 oum
805 746 822 783 a

12 807 163 867 Cheruscis
179 806 407 878 Langobardisque
424 825 471 878 pro
489 806 596 878 antiquo
612 806 703 862 deoore
720 809 766 860 aut
784 823 822 860 ra-

11 885 92 946 eenti
102 883 233 949 libertate,
247 886 274 937 et
291 886 381 939 eontra
395 883 518 954 augenda
532 882 698 938 dominationi
713 885 822 938 oertare·

10 969 70 1022 tur.
110 959 176 1014 Nou
183 953 249 1012 'silim
257 959 352 1030 majore
361 959 428 1014 mole
439 977 598 1024 eoneursum,
608 977 691 1030 neque
703 957 845 1030 ambiguos

10 1037 104 1109 magis
117 1037 222 1098 eventu,
234 1033 299 1089 fusis
313 1035 442 1106 utrimque
454 1034 551 1090 dextris
570 1035 697 1090 eoruibus.
733 1034 822 1106 Spera·

10 1115 153 1182 baturque
164 1128 266 1166 rursum
278 1129 372 1182 pugna,
385 1111 412 1166 ni
423 1109 599 1166 Maroboduus
611 1113 696 1166 eastra
707 1111 734 1166 in
745 1110 823 1166 eolles

10 1188 199 1248 subduxisset.
236 1185 269 1242 ld
286 1187 388 1258 signum
405 1187 516 1258 persulsi
533 1187 583 1242 fuit
592 1209 600 1254 ;
626 1191 653 1242 et
670 1187 844 1258 malagma

9 1264 149 1340 paulatim
166 1262 278 1318 nudatus
295 1263 324 1318 iu
340 1263 536 1318 Mareomannos
553 1263 685 1328 oonoessit,
703 1263 822 1334 misitque

8 1345 122 1416 legatos
142 1338 178 1398 sd
192 1339 321 1394 'liberium
336 1343 453 1394 oraturos
471 1339 572 1395 auxilia
608 1340 770 1410 Responsum
782 1343 847 1399 esto

8 1439 70 1478 mn
77 1419 142 1490 jure
162 1434 220 1472 eum
235 1416 356 1474 adversus
372 1417 515 1472 Oberaseos
534 1435 604 1472 arma
620 1417 736 1472 Romans
753 1417 823 1471 iuro·

8 1515 87 1562 me,
102 1493 151 1565 qui
166 1497 310 1564 pugnantes
326 1493 354 1547 in
365 1493 473 1548 eundem
489 1494 589 1549 bostem
606 1493 736 1551 Romanos
754 1492 825 1546 nulla

8 1591 67 1646 ope
91 1569 216 1642 juvisset.
264 1569 363 1624 Missus
383 1573 470 1624 tamen
490 1571 600 1637 Drusus,
624 1573 656 1625 ut
679 1567 822 1632 retulimus,

8 1647 240 1780 Ἓοῗίἱῗιᾟηο
256 1719 389 1776 duodecim
401 1719 512 1778 salebras
530 1722 600 1776 Asis
617 1720 694 1777 urbes
709 1717 869 1790 eollapse47

6 1803 154 1859 nocturno
165 1799 239 1852 motu
248 1800 323 1852 terra
330 1819 339 1863 ;
357 1814 408 1868 qno
417 1797 577 1868 inprovisior
586 1796 737 1868 graviorque
746 1795 826 1866 pestis

6 1878 80 1934 fuit.
120 1874 216 1945 Neque
225 1873 329 1928 solitam
341 1874 370 1929 iu
380 1874 427 1929 tali
442 1893 503 1930 essu
515 1875 637 1948 effugium
650 1873 848 1939 subveniebat,2

6 1955 43 2010 im
56 1954 158 2022 aperta
171 1949 360 2020 prorumpendi,
379 1951 438 2022 quia
457 1950 568 2006 diduetis
582 1951 658 2006 terris
673 1949 826 2006 haurieban-

5 2033 72 2086 tur.
114 2026 220 2082 Sedisse
231 2026 369 2081 immensos
376 2030 484 2093 montes,
494 2028 550 2082 risa
557 2027 585 2082 in
593 2027 672 2082 arduo
684 2045 740 2098 que
751 2026 827 2098 plana

5 2104 134 2169 fuerint,
142 2104 269 2159 effulsisse
278 2103 346 2159 inter
357 2104 457 2158 ruinam
468 2105 541 2178 ignes
552 2108 701 2160 memorant.
732 2105 849 2174 Asper-8

5 2183 89 2239 rima
107 2181 140 2235 in
158 2181 294 2236 Sardianos
312 2181 367 2236 lues
383 2181 522 2252 plurimum
533 2183 561 2236 in
572 2181 672 2237 eosdem
686 2181 827 2236 miserioor-

8 2259 71 2314 dise
97 2257 202 2312 traxit:
226 2275 287 2312 uam
305 2257 401 2316 senties
419 2258 566 2312 sestertium
584 2258 712 2330 pollicitus
731 2257 825 2320 Cesar,

6 2339 41 2390 et
65 2336 202 2403 quantum
223 2333 312 2388 sermio
332 2337 377 2388 aut
392 2333 454 2388 fiseo
474 2333 625 2404 pendebant,
641 2335 669 2388 in
688 2333 828 2404 quinquen-

6 2411 96 2466 nium
116 2409 230 2464 remisit.
264 2409 402 2479 Magnetes
420 2427 435 2464 a
454 2410 541 2480 Sipylo
560 2410 669 2481 proximi
687 2409 778 2464 damno
799 2420 853 2464 ase

6 2485 142 2540 remedio
174 2485 265 2540 babiti
301 2485 427 2550 Temnios,
452 2485 671 2557 Philadelphenos‚
696 2485 828 2552 Egestas,

9 2560 261 2630 Apollonidienses
281 2561 375 2632 quique
393 2561 509 2615 Mosteni
526 2565 571 2616 aut
588 2559 744 2614 Maoedoues
763 2554 831 2616 Hyr·

12 2640 82 2692 cesi
109 2641 251 2703 soesutur,
271 2640 298 2692 et
322 2637 549 2698 Hierooesaream,
567 2633 705 2702 Myrinum,
725 2625 832 2688 Gtmfflr
