1960 2952
32 153 37 159 .
54 186 73 220 A
88 181 107 220 D
123 181 165 230 15]
279 117 474 167 ANNALIUM
494 117 514 168 l.
528 121 631 168 te-te.
824 123 856 170 83

25 235 30 246 ’
53 231 241 301 Germanisque
257 229 325 285 idem
343 230 492 296 conducere,
511 234 538 286 et
556 249 643 302 pacem
665 225 857 302 quem'bellnn

52 307 199 378 probabam.
236 307 306 379 Ergo
319 312 447 378 raptorem
461 308 519 364 illie
535 327 604 374 mere,
617 307 766 364 violatorem
779 307 881 364 frede-t

52 385 88 439 ris
105 386 194 450 vestri,
213 385 359 438 Arminium
377 384 445 456 apud
463 386 569 452 Varum,
589 385 633 456 qui
653 389 709 444 tum
730 386 855 442 exercitui

52 462 213 532 praesidebat,
235 479 308 515 reum
331 462 389 516 ieci.
429 461 533 518 Dilatus
557 463 668 534 segnitia
691 462 771 529 ducis,
795 463 881 535 quial

51 556 141 610 parum
158 537 272 610 praesidii
287 537 425 609 inlegibus
441 543 504 604 erat,
517 543 548 594 nt
565 557 605 595 me
621 543 649 594 et
666 541 810 596 Arminium
827 545 854 596 et

19 647 24 656 ·
51 619 166 672 conscios
178 617 287 671 vinciret
298 617 420 686 flagitari.
457 617 542 672 Testis
554 617 668 683 diener,
681 618 743 672 mibi
755 619 853 674 utinam

14 707 15 714 ’
49 695 136 766 potius
149 693 302 749 novissma!
323 693 389 751 Qum
402 698 490 748 secuta
502 698 571 761 sunt,
584 693 671 750 defleri
683 695 765 766 magis
778 709 880 766 quomo

50 770 153 826 defendi
171 774 289 842 possunt.
327 770 449 825 Ceterum
466 775 494 825 et
512 770 587 842 injeci
606 775 709 826 catenes
727 772 852 838 Arminio,

49 853 76 906 et
95 867 111 902 a
127 847 241 902 factione
259 848 316 917 ejus
331 847 437 917 injectas
452 865 588 919 perpessus
603 865 668 902 sum.
706 849 793 919 Atque
810 848 878 908 ubis

14 975 15 980 ,
48 926 161 996 primum
175 925 217 979 tui
232 925 312 995 copia,
325 929 414 979 vetera
424 925 497 979 novis
516 930 543 979 et
560 927 649 994 quieta
660 924 770 980 turbidis
783 930 854 981 ante·

18 1017 21 1026 ’
48 1002 159 1068 babeo;·
177 1020 261 1073 neque
285 1000 318 1055 ob
339 1002 478 1072 praemium,
501 1001 547 1057 sed
567 1007 597 1056 nt
617 1021 657 1058 me
681 1002 787 1074 pertidia
810 1021 851 1058 ex·

48 1079 161 1146 solvsm3
181 1077 258 1133 simul
275 1078 348 1148 genti
367 1077 551 1132 Germanorum
571 1079 677 1134 idonens
697 1079 852 1143 conciliator,

47 1156 69 1212 si
80 1155 259 1228 paenitentiam
272 1173 348 1225 quam
364 1155 501 1226 perniciem
520 1155 646 1210 maluerit.
683 1156 735 1210 Pro
746 1157 877 1226 juvemur

46 1239 73 1288 et·
85 1251 174 1288 errore
190 1233 236 1286 filii
247 1232 347 1286 reniam
363 1250 469 1303 precor:
488 1232 565 1286 filiam
583 1233 736 1288 necessitate
748 1233 798 1288 buc
811 1234 852 1289 ad-

45 1310 151 1366 ductam
164 1311 255 1364 fateor.
292 1309 375 1363 Tuum
388 1309 437 1364 erit
450 1310 595 1365 consultare
607 1315 694 1364 utrum
706 1311 850 1382 praevaleat,

45 1387 115 1458 quod
127 1407 161 1442 ex
173 1387 290 1442 Arminio
303 1387 418 1458 concepit
431 1405 464 1442 an
476 1387 544 1457 qnod
556 1405 588 1442 ex
600 1406 641 1442 me
653 1389 740 1458 genita
752 1389 818 1444 est.'’

79 1466 170 1520 Caesar
190 1464 309 1518 clementi
326 1482 448 1533 responso
469 1465 555 1520 liberis
575 1465 775 1536 propinquisque
795 1465 876 1536 ejuss

42 1542 256 1606 incolumitatem,
276 1541 326 1612 ipsi
343 1541 429 1596 sedem
446 1545 534 1597 vetere
552 1543 579 1597 in
596 1542 727 1613 provincia
750 1541 851 1612 pollice·

42 1623 95 1674 tur.
134 1619 287 1688 Exercitum
299 1617 408 1683 reduxit,
419 1623 562 1690 n‘omenque
571 1619 732 1690 imperatoris
745 1623 874 1682 auctores

42 1698 147 1753 'liberio
170 1697 276 1768 accepit.
321 1698 430 1752 Arminii
453 1717 518 1752 uxor
542 1699 622 1753 virilis
644 1715 722 1752 sexus
743 1697 850 1767 stirpem
931 1707 933 1712 '

14 1815 18 1824 .
41 1776 140 1830 edidit:
160 1774 285 1828 educatus
301 1774 431 1829 Reremm
443 1793 507 1846 puer
524 1794 574 1846 quo
591 1793 652 1829 mox
668 1773 779 1828 ludibrio
791 1791 849 1829 con-

40 1853 158 1908 flictatus
172 1852 215 1916 sit,
228 1852 383 1922 intempore
396 1852 549 1908 memorabo.
801 1850 807 1860 ’
961 1918 964 1928 Ι

75 1930 160 1984 Fama
176 1928 256 1983 dediti
268 1929 427 2000 benigneque
446 1930 547 2000 excepti
565 1928 678 2000 Segestis
691 1927 803 2001 vulgata,
817 1933 847 1986 nt
856 1941 895 1996 59

39 2003 189 2078 quibusque
206 2005 301 2060 bobum
318 2006 405 2060 inritis
422 2010 467 2060 ant
484 2006 645 2077 cupientibus
662 2010 724 2072 erat,
743 2026 788 2078 spe
806 2008 848 2064 vel

38 2083 130 2138 dolore
149 2083 282 2154 accipitur.
319 2083 464 2137 Arminium
482 2101 559 2156 super
576 2084 680 2138 insitam
699 2085 870 2148 violentiam2

36 2167 116 2232 rapta
133 2178 208 2224 uxor,
228 2160 359 2231 subjectus
379 2160 483 2215 servitio
500 2161 588 2216 uxoris
604 2166 694 2216 uterus
712 2162 846 2218 vecordem

36 2239 171 2310 agebant3
197 2237 371 2309 volitabatque
390 2257 435 2308 per
453 2239 604 2304 Cheruscos,
624 2240 737 2293 annaio
756 2241 845 2311 Seges-

35 2319 99 2381 tem,
121 2333 194 2369 arma
211 2315 239 2369 in
258 2315 384 2370 Caesarem
402 2334 516 2387 poscens.
554 2317 646 2388 Neque
664 2317 763 2386 probris
782 2321 868 2378 tem-3

35 2393 164 2463 perabat:
202 2393 334 2464 egregium
368 2397 476 2464 patrem,
507 2412 626 2464 magnum
656 2395 845 2464 imperatorem,

35 2470 134 2526 fortem
156 2471 306 2535 exercitum,
332 2488 440 2540 quorum
464 2475 504 2524 tot
529 2488 618 2525 manus
643 2489 720 2524 unam
743 2463 844 2523 mulier'-

36 2547 121 2602 culam
144 2547 286 2602 evexerint.
324 2547 379 2602 Sibi
400 2551 453 2604 tres
473 2547 595 2616 legiones,
616 2545 725 2599 totidem
745 2545 869 2610 legatoss

35 2625 217 2695 procubuisse.
255 2625 318 2678 Non
332 2624 440 2678 enimse
457 2622 609 2692 proditione,
623 2633 706 2686 neque
723 2617 844 2666 adversus

35 2702 147 2758 feminas
167 2699 296 2774 grauidas,
316 2699 363 2757 sed
380 2699 464 2770 palam
483 2696 604 2750 adversus
623 2693 735 2745 armatos
750 2683 846 2740 bellum
