1936 2968
138 145 186 204 tm
473 151 594 204 ulem

717 215 756 264 [A.
769 216 798 254 n.
810 217 834 254 o.
845 214 889 258 us
897 208 943 252 sn.

114 267 117 274 '
136 269 274 336 torumque
286 282 381 318 novum
390 264 485 320 Caesari
493 265 580 331 decus,
588 283 639 320 non
650 263 768 321 adversis
781 264 945 320 Parthorum

115 341 214 398 trebes
237 340 377 412 supplicem
400 342 548 397 Aesoniden.
592 341 657 396 Tum
680 341 782 412 plneuit
808 340 946 398 Tiridaten

136 435 231 490 ponere
243 416 311 488 opud
322 417 431 488 effigiem
448 417 556 472 Gesseris
573 417 672 488 insigne
689 418 805 488 regium,
826 435 879 474 neo
897 416 947 472 nisi

136 511 214 549 monn
225 493 338 548 Neronis
350 511 495 560 resumere;
514 498 541 549 et
553 494 707 564 oolloquinm
719 495 814 549 oseulo
831 495 943 549 finitum.

114 571 205 626 tDein
216 570 304 641 psuois
318 569 406 624 diebus
423 570 571 641 interjectis,
589 589 682 642 magns
698 571 830 642 utrinque
850 569 942 642 specie,

137 646 196 702 inde
209 665 287 718 eques
299 647 455 717 oompositns
467 665 513 718 per
524 651 621 701 turmas
633 650 660 701 et
672 646 824 718 insignibus
843 645 943 718 patriis,

138 723 198 780 hino
216 724 318 796 agmins
336 723 465 794 legionum
483 727 578 778 stetere
595 723 756 794 fulgentibus
779 723 879 795 equil‘n
896 721 944 792 sig·

115 801 229 872 tuisque
253 804 280 855 et
304 799 445 855 simulsnris
469 799 545 854 delum
566 801 594 854 iu
610 799 715 854 modum
738 801 844 872 templi.
890 798 944 853 Me

139 877 181 933 dio
193 876 306 932 tribunal
318 876 403 931 sedem
416 876 537 941 curulem,
551 880 577 931 et
595 876 668 932 sedes
686 876 801 947 effigiem
820 875 942 938 Neronis,

115 953 290 1010 6sustinebat.
326 952 369 1007 Ad
390 971 464 1023 quam
484 971 635 1025 progressus
656 953 796 1019 tiridates,
818 953 896 1009 eaesis
914 967 944 1005 ex

138 1048 208 1086 more
228 1030 347 1096 victimis,
369 1029 498 1084 subletum
519 1030 602 1100 eapite
624 1029 739 1085 diedems
757 1030 873 1102 imagini
889 1026 943 1082 sub

135 1107 205 1179 jecit,
226 1106 327 1178 magnis
348 1104 416 1176 apud
436 1109 542 1160 ounotos
562 1107 704 1160 animorum
724 1106 855 1175 motibus,
882 1121 944 1176 qnos

138 1183 249 1255 augebat
272 1182 350 1238 insitu
373 1182 456 1237 adhue
480 1182 560 1237 oeulis
579 1183 737 1238 exercituum
761 1183 943 1237 Romanorum

118 1259 220 1321 tondes
244 1263 290 1315 out
314 1257 419 1313 obsidio.
456 1260 492 1312 At
517 1277 586 1314 nuno
609 1277 696 1314 versos
721 1277 817 1313 ossus:
845 1259 943 1313 itnmm

138 1336 270 1391 liriduten
288 1336 402 1390 ostentui
421 1334 550 1406 gentibue,
570 1341 665 1406 quanto
681 1336 768 1390 miuus
784 1354 869 1406 quum
888 1353 943 1406 eng

95 1413 242 1469 30tiv1mt
277 1411 384 1467 Addidit
397 1411 485 1482 glorie
497 1412 609 1468 Corbulo
621 1412 768 1467 comitatem
781 1412 941 1482 epulusqne3

139 1497 165 1545 et
178 1490 306 1561 rogitante
318 1506 378 1560 rege
390 1506 487 1554 euneos,
501 1490 619 1560 quotiens
630 1507 727 1545 novum
739 1489 843 1559 aliquid
855 1488 943 1544 edver-

138 1570 214 1634 terat
233 1570 265 1621 nt
286 1566 361 1621 initis
380 1565 525 1636 vigiliarum
547 1584 593 1638 per
614 1566 790 1622 centurionem
816 1565 941 1628 nuntiari,

139 1643 282 1699 convivium
302 1642 395 1698 bucina
415 1641 518 1708 dimitti,
540 1648 567 1698 et
588 1647 714 1698 structam
734 1653 797 1696 onte
818 1640 943 1714 ungnnle

139 1739 208 1775 arem
230 1718 333 1775 subdito
349 1719 405 1774 faoe
424 1719 534 1784 essendi,
554 1723 647 1776 ounota
663 1719 691 1775 in
711 1719 794 1790 majus
818 1719 943 1774 attollens

118 1797 305 1852 nndmiretiono
324 1795 401 1867 prisci
417 1796 495 1851 moris
512 1796 604 1852 affecit,
640 1797 750 1851 Postero
767 1795 811 1851 die
830 1796 943 1868 spatium

139 1874 230 1940 oravit,
254 1891 304 1946 qno
322 1876 423 1927 tentum
442 1872 540 1928 itineris
559 1873 675 1928 editurus
694 1872 787 1926 fielnes
808 1878 877 1928 ante
894 1890 944 1928 me

140 1954 256 2020 tuomque
269 1949 378 2005 viseret:
397 1947 512 2004 obsidem
523 1950 621 2004 intereo
635 1950 713 2004 filiam
728 1947 812 2004 trudit
829 1949 943 2005 litteus-

97 2035 190 2098 31que
214 2027 340 2098 supplioes
364 2025 396 2080 ed
420 2025 556 2081 Neronem,
598 2027 634 2080 Et
658 2026 787 2098 digressus
814 2026 942 2082 Paeonum

141 2102 209 2173 opud
221 2102 321 2171 Medos,
333 2103 480 2174 Vologesen
491 2103 628 2158 Ecbatanis
641 2102 762 2174 repperit,
775 2121 833 2157 non
849 2102 942 2158 incunt

141 2197 215 2234 osum
235 2179 337 2234 fratris:
356 2179 450 2251 quippe
472 2183 499 2234 et
520 2180 628 2251 propriis
646 2179 744 2234 nuntiis
760 2197 775 2232 a
793 2179 941 2235 Corbulone

141 2255 258 2327 petierat,
271 2275 304 2311 ne
317 2274 391 2326 quom
405 2256 541 2328 imaginem
554 2256 652 2311 servitii
662 2255 791 2311 tiridates
805 2257 940 2326 perferret

121 2339 192 2386 'neu
204 2332 300 2386 ferrum
311 2332 432 2396 traderet,
452 2336 496 2386 eut
515 2333 649 2403 complexu
664 2333 809 2402 provincias
827 2333 940 2388 obtineo

141 2406 206 2458 tium
228 2411 358 2460 arceretur
375 2407 506 2463 foribusve
524 2427 612 2464 eornm
630 2409 779 2475 assisteret3
800 2413 941 2479 tantosque

119 2479 164 2532 nei
188 2480 284 2543 Romae,
306 2487 418 2550 quantus
440 2485 595 2551 oonsulibus,
615 2486 697 2541 honor
721 2489 800 2542 esset.
839 2487 942 2542 Scilicet

140 2556 253 2637 externe
265 2555 391 2638 superbie
403 2562 478 2612 sueto
490 2577 543 2614 non
554 2561 638 2616 inerat
652 2563 747 2617 notitia
764 2563 856 2628 nostri,
876 2559 941 2632 apud

140 2642 204 2690 qu⁰⁵
216 2644 255 2678 vs
267 2629 366 2695 mserii
378 2631 454 2695 valet
468 2634 554 2690 inania
565 2638 756 2694 immittuntur.

95 2695 132 2745 32
175 2697 272 2752 Eodem
284 2717 350 2755 enno
364 2703 451 2760 Cesar
461 2711 580 2768 nationes
592 2713 700 2785 Alpium
716 2713 941 2774 memnonis
