1936 2968
119 125 167 176 856
459 129 579 180 uncrnl

754 192 793 241 [Α.
803 193 835 234 U.
843 194 867 234 0.
878 195 922 238 alr.

122 239 194 295 dium
206 240 281 312 plana
292 241 410 314 primum,
424 241 514 298 deinde
525 242 632 298 inedita
640 260 789 314 assurgens,
798 251 827 299 et
834 263 925 300 rursus

122 316 243 372 inferiora
261 319 414 390 populando,
431 321 523 375 anteiit
540 319 651 375 remedia
663 320 806 375 velocitate
822 322 885 377 mali
900 326 925 376 et

123 393 233 450 obnoxia
250 395 315 451 urbe
336 397 414 452 arctis
434 397 570 452 itineribus
590 397 690 468 hucque
710 401 739 452 et
757 397 823 452 illuc
844 399 925 463 flexis,

100 469 202 542 vaeque
221 472 366 529 enormibus
386 475 456 541 vicie,
479 474 561 546 qualis
580 478 655 529 vetus
679 473 767 528 Roma
787 475 850 530 fuit.
887 474 927 530 Ad

125 549 174 604 boo
191 549 304 606 lamenta
321 553 471 631 paventium
494 551 645 606 feminarum
663 550 733 606 fessa
751 552 860 622 [aetate]
884 557 926 606 aut

125 625 197 680 rudis
218 628 335 698 pueritie
353 636 424 693 etas,
443 628 538 700 quique
556 629 605 684 sibi
622 628 717 701 quique
735 628 794 682 aliis
812 629 926 684 consule

126 701 197 769 baut,
208 701 269 758 dum
280 705 387 759 nabunt
398 705 523 760 invalidos
535 710 580 760 aut
592 705 768 776 opperiuntur,
779 723 842 776 pars
849 723 927 770 mora,

104 784 186 849 tpars
198 779 328 846 festinans,
342 786 436 837 cuncta
453 781 632 853 impediebant.
668 781 705 836 ut
722 799 800 852 saepe,
821 781 927 836 durnin

128 864 231 930 tergum
250 863 405 930 respectant,
425 858 548 914 lateribus
568 861 613 912 aut
636 856 721 911 fronte
745 857 928 912 circumvenie

128 935 238 1002 bantur3
256 936 298 991 vel
315 937 337 992 si
354 937 383 991 in
398 935 514 1007 proxima
529 938 669 1002 evaserant,
688 933 738 988 illis
756 951 863 1005 quoque
877 933 930 1006 igni

130 1013 263 1083 correptis,
285 1013 362 1067 etiam
384 1031 440 1083 qnae
460 1011 600 1083 longinqua
616 1010 779 1066 crediderunt
795 1012 825 1065 in
842 1011 929 1066 eodem

107 1095 193 1144 teasu
204 1089 403 1159 reperiebantur.
439 1089 582 1152 Postremo,
601 1087 662 1157 quid
676 1087 790 1141 vitarent
809 1087 875 1156 quid
889 1105 931 1158 pe-

131 1169 216 1219 terent
229 1165 349 1236 ambigui,
360 1164 486 1236 complere
493 1165 555 1229 vias,
564 1164 645 1218 sterni
656 1181 702 1234 per
714 1181 806 1234 agros;
827 1164 930 1234 quidam

132 1240 231 1296 amissis
254 1241 372 1296 omnibus
395 1241 514 1306 fortunis,
540 1239 625 1294 diurni
648 1257 749 1311 quoqne
768 1240 864 1305 victu,
889 1239 932 1294 alii

133 1318 239 1372 oarimte
263 1335 375 1382 suorum,
400 1334 465 1388 quos
489 1317 587 1388 eripere
610 1317 787 1387 nequiverant,
814 1317 932 1388 quamvis

109 1397 238 1465 apatente
261 1393 356 1464 effugio
379 1393 507 1449 interiere.
552 1393 610 1448 Neo
634 1393 769 1465 quisquam
793 1393 933 1448 defendere

134 1471 251 1536 audebat,
265 1471 360 1526 crebris
371 1470 510 1525 multorum
526 1470 603 1524 minis
620 1471 780 1541 restinguere
796 1470 934 1542 prohiben-

133 1547 208 1614 tium,
221 1551 247 1602 et
260 1547 320 1619 quia
331 1547 373 1601 alii
390 1547 473 1618 palam
488 1546 557 1602 faces
569 1546 698 1618 jaciebant
713 1551 791 1617 atque
808 1565 866 1602 esse
885 1546 936 1602 sibi

136 1629 265 1680 auctorem
284 1623 496 1688 vociferabantur,
517 1623 570 1678 sive
591 1627 622 1678 ut
641 1629 729 1694 raptus
748 1623 872 1692 licentius
894 1641 937 1678 ex-

90 1704 259 1766 usercense,
272 1700 410 1771 seujussn.
446 1701 487 1756 uo
498 1701 653 1772 intempore
670 1700 743 1755 Nero
760 1701 838 1755 Antii
856 1718 938 1772 agens

137 1796 189 1833 non
200 1781 260 1832 ante
271 1777 299 1832 in
310 1777 400 1832 urbern
410 1795 544 1847 regressus
556 1780 597 1832 est
609 1795 686 1847 quam
697 1776 784 1830 domui
800 1778 868 1848 ejus,
888 1795 939 1848 qua

137 1854 258 1925 palatium
271 1857 298 1908 et
310 1853 460 1908 Maecenatis
472 1853 560 1908 hortos
577 1853 777 1917 continuaverat,
793 1853 866 1925 ignis
883 1873 941 1927 pro

114 1931 280 2002 2pinquaret.
316 1930 409 2000 Neque
420 1933 508 1984 tamen
519 1929 577 1984 sisti
588 1930 681 2000 potuit,
694 1931 757 2000 quin
767 1932 796 1985 et
814 1931 940 2001 palatium

138 2015 165 2061 et
178 2007 267 2061 domus
280 2008 306 2061 et
324 2010 417 2061 cuncta
429 2006 523 2062 circum
542 2006 711 2061 haurirentur.
749 2005 803 2060 Sed
818 2007 941 2063 solatium
965 2059 966 2062 ,

138 2083 232 2154 populo
245 2082 383 2138 exturbato
395 2099 425 2137 ee
437 2083 547 2154 profugo
559 2099 675 2153 eampum
687 2081 783 2137 Martis
802 2101 834 2138 ae
851 2103 941 2140 monu-
965 2135 966 2138 ,

138 2163 225 2214 menta
247 2160 376 2231 Agrippae,
398 2159 487 2214 hortos
509 2160 571 2231 quin
591 2160 667 2214 etiarn
687 2176 748 2213 suos
763 2161 903 2230 patefecit,
916 2164 941 2216 d

139 2235 263 2290 subitaria
280 2235 386 2292 edificia
405 2236 528 2302 extruxit,
548 2253 604 2308 quae
623 2235 820 2292 multitudinem
837 2239 942 2311 inopen
964 2235 966 2298 ξ

139 2314 298 2382 acciperent;
316 2315 490 2386 subvectaque
508 2314 628 2370 utenailia
648 2315 680 2369 ab
698 2314 775 2374 Ostia
795 2320 825 2372 et
840 2319 944 2390 propin·
965 2319 966 2372 f

139 2386 197 2455 quis
217 2388 369 2458 municipiis,
391 2393 554 2463 pretiumque
569 2391 692 2447 frumenti
708 2392 843 2449 minutum
863 2411 943 2468 usqua
964 2393 966 2458 ἶ

116 2460 183 2547 δρᾶ,
195 2463 283 2516 ternos
306 2467 433 2521 nummos.
479 2469 554 2534 Quae,
579 2486 728 2540 quanquam,
747 2472 898 2542 popularia,
919 2459 966 2532 ini

138 2537 240 2587 ”flium
250 2535 395 2624 &debtsstt
414 2541 475 2611 quia
486 2549 633 2614 pervaserat
648 2563 738 2601 rumor
751 2546 812 2618 ipso
828 2553 946 2622 tempore
964 2541 966 2614 ζ

137 2606 270 2690 flagrantrs
289 2611 361 2665 urbia
379 2614 461 2672 inisse
482 2637 541 2674 eum
557 2621 723 2677 domesticam
740 2641 851 2682 scenam
864 2632 895 2683 et
911 2644 947 2682 oa·
965 2625 966 2644 ³

18 2693 37 2704 ²
137 2690 230 2732 emese
250 2682 390 2754 (trojanum
414 2692 552 2762 exodium,
577 2699 716 2769 prasentia
739 2701 811 2756 mala
833 2704 947 2760 vernn
