1860 2956
179 161 228 208 ma
515 156 636 207 rncrrr
686 138 688 144 ’
915 208 917 213 ,

804 216 836 266 [r.
845 215 896 254 ua
911 254 913 257 ,

178 269 329 334 immunivit,
346 268 431 323 missis
446 269 491 339 qui
507 273 615 338 majores
634 266 751 320 Chaucos
767 264 801 320 ad
817 265 865 318 da
877 265 912 311 a

157 345 332 415 4pellicerent,
346 344 421 399 simul
431 344 591 399 Gannascum
601 341 658 396 dolo
670 341 871 412 aggrederentur.

178 421 257 475 irritae
268 425 314 474 aut
326 420 462 492 degeneres
474 420 572 475 insidiae
589 420 667 483 fuere,
681 418 803 473 adversus
843 442 874 463 :a
893 440 908 477 ·,

157 499 206 553 tet
222 495 370 552 violatorem
388 497 454 551 fidei.
492 496 542 551 Sed
559 495 627 551 caede
645 495 701 566 ejus
719 498 796 550 motae
814 495 857 548 012
869 518 872 539 ι
884 518 912 545 »22

172 577 286 638 mentes,
311 581 338 627 et
362 572 474 627 Corbulo
497 573 594 628 semina
616 571 762 626 rebellionis
786 569 910 642 prebebat

179 648 238 704 lietu
253 648 321 719 apud
337 649 479 720 plerosque,
496 648 535 703 ita
551 648 619 719 apud
636 647 758 718 quosdam
779 648 878 702 sinistra
896 668 900 693 ι

157 725 234 780 60ur
245 725 345 779 hostem
357 725 489 780 conciret?
507 725 622 779 Adversa
630 724 658 778 in
666 741 720 777 rem
731 722 858 793 publicam
872 747 898 769 a».
911 776 913 779 ,

181 801 221 857 sin
232 818 351 871 prospere
360 801 462 871 egisset,
476 801 667 855 formidolosum
678 799 735 869 paci
746 800 831 854 rmum
855 826 859 845 ι
869 820 900 861 ’ψ

159 881 208 935 let
221 877 313 948 ignavo
333 877 442 947 principi
461 895 623 948 pregravem.
659 876 747 946 Igitur
771 874 889 930 Claudius

181 953 459 1007 novaminGermanias
468 952 702 1024 vimprohibuit,ut
715 951 834 1022 referrip
852 976 863 997 ι»
872 974 895 999 o

136 1035 174 1087 20
182 1030 301 1083 Rhenum
316 1029 425 1099 juberet.
460 1029 519 1082 Jam
537 1033 621 1084 castra
637 1029 665 1083 in
683 1028 772 1082 hostili
790 1028 847 1082 solo
870 1052 895 1074 m

183 1105 323 1160 Corbuloni
338 1122 374 1159 eae
388 1104 482 1160 littere
497 1104 647 1159 redduntur.
683 1104 732 1158 Ille
750 1122 779 1158 re
794 1103 902 1168 subita,v

184 1199 260 1252 qnam
272 1180 354 1236 multa
365 1181 441 1234 simul
452 1180 652 1246 effunderentur,
669 1184 756 1235 metus
768 1199 804 1235 ex
821 1199 868 1235 lm·

184 1259 340 1327 contemptio
348 1275 381 1310 ex
387 1255 507 1321 barbaris,
516 1257 653 1312 ludibrium
663 1256 732 1327 apud
739 1257 833 1321 socios,
851 1255 903 1304 sas

184 1333 331 1404 prolocutus
353 1351 429 1403 quam
449 1334 560 1389 “beatos
578 1333 704 1404 quondum
726 1332 808 1388 duces
838 1340 886 1381 '···

161 1410 284 1482 nsignum
297 1409 412 1480 receptui
424 1408 501 1464 dedit.
538 1411 577 1464 Ut
586 1415 672 1464 tamen
685 1409 758 1464 miles
770 1410 858 1464 otium
874 1436 886 1455 ν

184 1487 251 1541 inter
260 1487 362 1540 Mosam
371 1485 541 1556 Rhenumque
549 1486 628 1540 trium
638 1489 665 1540 et
676 1485 771 1556 viginti
781 1486 848 1540 milli
872 1514 882 1531 υ

160 1562 276 1622 siossam
290 1561 416 1632 perduxit,
428 1579 478 1632 qua
489 1562 587 1616 incerta
598 1561 693 1616 Oceani
704 1565 866 1616 vetarentur.

184 1639 227 1694 nia
249 1642 335 1693 tumen
356 1637 481 1708 triumphi
498 1637 604 1692 indulsit
628 1638 720 1704 Cesar,
747 1639 869 1710 quamvis
895 1642 900 1647 '

185 1715 337 1786 negavisset.

161 1799 177 1844 4
220 1791 277 1846 Nec
300 1789 381 1845 multo
404 1793 463 1861 post
487 1790 593 1846 Curtius
616 1790 702 1846 Rufus
725 1790 841 1846 eundem
872 1816 890 1837 ι»

186 1866 340 1938 adipiscitur,
369 1866 414 1938 qui
437 1867 465 1920 in
488 1884 549 1936 agro
576 1866 700 1921 Mattiaco
724 1866 872 1922 recluserat

186 1942 327 2013 quaerendis
351 1942 422 1996 venis
440 1941 555 2012 argenti3
574 1942 642 1996 unde
665 1942 751 1996 tenuis
771 1943 880 1998 fructus

185 2017 290 2090 longum
307 2018 364 2083 fuit,
382 2021 409 2072 at
426 2016 568 2088 legionibus
587 2035 646 2072 cum
663 2017 756 2072 damno
775 2018 860 2084 lnbor,
885 2056 888 2063 ·

185 2095 261 2162 rivos,
285 2112 391 2166 quaeque
409 2094 438 2148 in
461 2097 550 2162 aperto
560 2093 661 2165 gravia,
680 2093 791 2150 humum
808 2095 884 2150 inlra

161 2169 255 2229 §Quis
279 2169 400 2224 subactus
423 2169 503 2234 miles,
525 2172 552 2223 et
577 2169 636 2239 quia
658 2169 745 2239 plures
772 2189 822 2240 per
854 2198 860 2219 ι
885 2202 888 2209 -

186 2244 277 2300 similia
287 2245 469 2309 tolerabantur,
487 2245 617 2315 componit
634 2245 749 2300 occultas
766 2245 876 2302 litteras

186 2320 350 2388 exercituum,
374 2320 532 2390 precantium
552 2321 732 2391 imperatorem
753 2325 796 2390 ut,
819 2325 881 2394 ψί

185 2394 310 2448 missurus
328 2400 396 2450 esset
415 2396 549 2461 exercitus,
575 2396 739 2466 triumphalia
764 2401 829 2454 ante
865 2423 874 2445 r

137 2467 173 2518 21
184 2466 225 2519 De
237 2467 333 2536 origine
351 2470 435 2524 Curtii
450 2471 520 2536 Rufi,
538 2490 613 2541 quem
628 2471 773 2542 gladiatore
795 2493 887 2546 gernr=

184 2540 242 2593 dam
262 2543 402 2609 prodidere,
422 2564 505 2615 neque
525 2547 590 2600 falsa
608 2548 781 2618 prompserim
801 2556 830 2606 et
862 2577 886 2599 ·.

160 2614 227 2682 2qui
239 2615 326 2682 pudet.
361 2617 502 2688 Postquam
520 2621 638 2686 adolevit,
657 2628 775 2680 sectator
794 2646 814 2698 q

182 2687 271 2741 Africa
282 2687 416 2758 obtigerat,
436 2693 497 2748 dum
513 2696 541 2748 in
558 2697 651 2768 oppido
669 2698 823 2760 Adrumeto
853 2730 856 2737 ⁴
886 2740 890 2741 ff
