1960 2952
70 119 72 124 ’
143 152 177 202 ss
481 149 605 198 rucrrr
954 191 979 197 ,1

788 208 893 257 [Amo.
903 209 948 250 m.
978 225 979 228 ’

119 263 231 318 elieser
248 261 351 316 incenso
369 261 465 316 Mattio
482 261 521 331 (id
538 260 611 332 genti
627 258 724 330 caput)
737 262 827 328 operta
843 257 950 328 populu

143 344 196 406 tus,
206 339 285 394 vertit
297 337 329 393 sd
341 338 470 403 Rhenum,
483 356 535 393 non
547 355 610 392 suso.
626 337 701 391 hoste
712 339 787 406 terge
797 335 954 390 abeuntium*

142 417 280 482 lscesserc3
297 415 366 486 qrrod
378 415 416 470 illi
427 415 513 479 moris,
523 413 641 485 quotiens
654 421 712 468 astu
724 412 805 482 magis
819 429 951 482 qucmper

121 492 304 552 tiormidinem
330 492 414 546 cessit.
454 492 550 546 Fuerat
574 492 674 546 animus
699 489 836 544 Cheruscis
859 488 951 558 jurare

145 569 270 624 Chattos:
289 569 335 623 sed
353 569 477 624 externit
496 568 596 622 Ooeciue
613 567 665 622 huo
682 567 742 622 illuc
760 565 845 620 ferens
864 583 951 632 urma3

146 650 173 702 et
185 647 287 700 Marsos
301 644 422 716 congredi
434 663 509 700 susos
521 662 643 715 prospero
655 643 742 715 prelio
754 642 880 697 cohibuit.
976 703 979 714 .

100 724 137 785 57
182 723 274 793 Neque
285 723 367 776 multo
378 725 437 792 post
449 722 528 802 legati
540 739 555 775 e
567 722 674 792 Segeste
685 724 811 775 venerunt
826 719 952 774 auxilium

146 803 248 856 orontes
261 799 382 854 adversus
396 799 448 854 vim
464 799 631 869 popularium,
646 816 661 852 c
678 797 734 868 quis
751 796 952 852 circumsedeboe
978 863 979 874 γ

146 882 197 942 tur,
212 876 331 932 validiore
344 875 412 946 apud
423 893 466 930 eos
480 875 603 940 Arminio,
614 875 734 944 quoniam
749 873 844 928 bellum
862 873 952 938 susde-
978 877 979 934 ξ

146 954 206 1010 bot:
225 972 284 1008 nam
296 952 417 1017 barbaris,
428 956 524 1023 quanto
536 952 593 1022 quis
606 951 711 1006 audacie
721 954 865 1022 promptus,
879 955 953 1005 tanto
977 941 979 1014 i

118 1031 229 1102 'usuagis
242 1029 447 1099 fidus'rcbusque
462 1029 539 1084 motis
555 1027 771 1099 potiorihcbetur.
808 1027 953 1082 Addiderat

149 1108 268 1179 Segestes
281 1107 372 1177 legatis
385 1105 472 1170 filium,
486 1106 589 1160 nomine
601 1100 800 1176 Segimundum:
821 1104 868 1159 sed
883 1105 953 1176 jure·

148 1185 189 1240 nis
213 1183 369 1240 conscientia
389 1182 565 1238 cunctabatur.
603 1182 706 1253 Quippe
728 1199 795 1236 suno
816 1200 869 1252 quo
893 1182 954 1237 Ger·

149 1261 240 1318 mame
256 1261 391 1325 descivere,
405 1260 522 1316 sacerdos
535 1256 604 1330 apud
619 1277 689 1314 oram
705 1258 833 1314 Ubiorum
850 1263 953 1314 orestus

128 1335 254 1408 tmperst
272 1338 359 1402 vittas,
372 1337 497 1408 profugus
514 1336 546 1392 ed
561 1336 675 1392 rebelles.
712 1335 849 1391 Adductus
868 1341 954 1391 tamen

150 1415 178 1470 in
199 1434 269 1486 spem
288 1415 428 1470 clementie
449 1415 571 1468 Romane
592 1413 698 1484 pertulit
715 1413 796 1484 putris
817 1414 954 1479 muudutm

151 1493 310 1563 benigneque
329 1495 458 1563 exceptus,
478 1508 535 1545 cnm
553 1490 670 1561 praesidio
689 1489 811 1546 Gullicam
828 1491 857 1545 in
875 1491 955 1562 ripun

129 1569 245 1628 4missus
269 1572 317 1624 est.
355 1569 505 1624 Germanico
529 1567 641 1638 pretium
665 1567 715 1622 tuit
739 1570 893 1624 convertere
917 1587 955 1639 ug·
978 1573 979 1624 l

62 1655 66 1662 '
152 1664 226 1712 men;
245 1649 437 1717 pugnatumque
453 1646 481 1700 in
497 1645 651 1710 obsidentes,
668 1648 695 1699 et
713 1648 817 1715 ereptus
836 1645 955 1717 Segestes
977 1631 979 1698 l

130 1736 245 1795 omcgns
256 1741 314 1778 cum
326 1723 526 1794 propinquorum
538 1725 564 1776 et
580 1721 709 1776 clientium
727 1739 811 1776 manu.
848 1721 956 1777 Inerant

152 1801 253 1856 feminee
264 1800 361 1856 nobiles
371 1823 378 1866 ς
398 1800 466 1854 inter
478 1817 541 1870 quas
553 1817 618 1854 uxor
630 1799 740 1853 Arminii
751 1798 896 1870 eodemque
910 1800 957 1856 filis
978 1865 979 1876 γ

154 1877 275 1948 Segestis,
300 1877 386 1932 meriti
415 1877 497 1948 magis
521 1894 597 1947 quum
621 1877 734 1946 parentis
759 1876 851 1940 animo,
876 1893 957 1948 neque
978 1877 979 1932 Ξ

153 1953 261 2009 viotain
277 1953 393 2008 lacrimas
412 1972 494 2024 neque
509 1970 572 2008 voce
591 1953 705 2025 supplex,
719 1953 875 2024 compressis
895 1947 958 2010 intro
977 1967 979 2062 ι

132 2030 240 2092 usinum
251 2030 367 2085 manibus
385 2030 519 2101 gravidum
536 2034 639 2084 uterum
652 2030 761 2086 intuens.
798 2029 958 2086 Ferebontur
978 2063 979 2100 3

155 2111 182 2162 et
201 2107 281 2177 spolia
298 2107 416 2162 Varianae
434 2107 520 2173 cledis,
539 2107 667 2178 plerisque
685 2125 773 2162 eorum
791 2107 836 2178 qui
854 2112 917 2162 turn
936 2107 959 2161 in
978 2103 979 2174 l

133 2183 310 2247 7deditionem
333 2183 470 2239 veniebant
493 2183 585 2255 prurire
608 2183 676 2238 dato.
726 2183 808 2238 Simul
838 2185 959 2257 Segesta
978 2189 979 2196 ’

156 2261 218 2332 ipse,
238 2261 328 2333 iugens
347 2262 411 2327 visu,
431 2265 458 2316 et
475 2261 597 2316 memorio
613 2261 687 2316 bone
705 2261 837 2316 societatis
856 2261 959 2334 imperi
978 2283 979 2286 ¹

45 2377 49 2385 ·
157 2338 213 2394 dus.
243 2338 331 2394 Verba
342 2338 398 2409 ejus
410 2338 437 2392 in
448 2338 517 2392 hunc
528 2337 632 2393 modum
644 2338 716 2393 fuere
725 2361 768 2392 :-

111 2425 150 2477 58
194 2414 280 2468 “Nou
291 2415 332 2468 hic
344 2414 407 2468 milri
424 2415 521 2486 primus
533 2433 595 2485 erga
606 2415 729 2485 populum
741 2415 893 2472 Romanum
904 2415 959 2472 odsi

136 2494 185 2550 net
198 2491 347 2545 constantie
359 2490 420 2546 dies.
457 2491 498 2546 Ex
511 2510 561 2562 quo
574 2509 589 2546 e
601 2491 659 2546 diro
668 2493 789 2563 Angusto
801 2493 912 2548 civitate
921 2493 959 2548 ὼ

158 2569 318 2630 natussum,
338 2566 431 2620 aulicos
449 2567 615 2637 inimicosque
637 2587 669 2622 ex
687 2569 780 2624 vestris
804 2569 960 2626 utilitatibus

160 2640 249 2714 delegi,
268 2659 351 2712 neque
368 2641 425 2696 odio
440 2645 535 2714 petrice,
551 2645 656 2716 (quippe
675 2645 819 2717 proditores
838 2649 919 2704 etium
932 2648 959 2702 iis

160 2735 224 2790 quos
248 2719 407 2789 anteponunt
433 2719 509 2780 invisi
533 2722 615 2792 suut)
640 2741 729 2780 rerum
753 2724 815 2796 quis
838 2725 979 2782 Romam,
