2030 3000
59 198 113 236 m
125 197 166 248 4⁸¹]
257 137 456 186 ANNALIUM·
470 137 516 187 11.
535 137 638 187 28-88.
798 139 844 188 2⁸1

58 247 131 301 tidem
142 249 314 320 interrogaret
326 268 360 303 an
371 249 425 320 ipse
436 250 534 322 imperii
545 253 644 338 potens,
658 265 691 302 an
707 247 784 337 bilius
795 247 848 319 pri-

332 350 405 373 ιω
423 327 455 373 ι’.
485 344 544 416 no⁸
623 324 752 413 slutior
774 324 870 390 luxu‚4

140 516 143 523 ι
173 514 203 530 ι.
495 497 513 534 u
578 479 666 545 lacus;
696 482 723 534 et
746 478 869 534 feminco

127 569 158 608 us
171 553 292 609 accincta
306 573 348 609 ass
376 559 404 609 ta
421 575 453 610 an
477 559 508 610 ut
520 556 691 611 sacrificantes
702 554 744 610 vel
754 554 846 610 insani·

58 635 124 684 entes
135 630 259 697 Baccbre3
278 632 335 702 ipsa
345 633 415 686 crine
430 633 499 688 fluxo
513 632 629 704 thyrsum
648 631 771 703 quatiens,
787 632 845 703 jux·

57 711 128 778 taque
147 707 228 762 Silius
246 707 341 764 hedera
359 709 468 774 vinctim,
490 727 578 780 gerere
599 710 744 773 cothurnos,
762 708 846 778 jacere

57 788 135 853 caput,
146 788 277 855 strepente
285 785 381 840 circum
388 786 488 858 procaci
500 786 584 841 cboro.
619 786 717 841 Ferunt
728 785 869 839 Vettinmt

56 859 186 915 Valentem
204 860 308 916 lascivia
324 847 498 933 in'proefflfain
519 860 634 917 arborem
652 861 791 925 connisum,
810 861 846 914 in·

55 937 241 1007 terrogantibus
260 937 322 1008 quid
340 938 471 1008 aspiceret,
490 937 651 1009 respondisse
668 939 847 1008 tempestatem

55 1011 84 1067 ab
104 1013 179 1068 Ostia
197 1022 317 1080 monem,
337 1015 391 1069 sive
410 1018 520 1086 coeperat
540 1033 570 1069 ea
589 1015 692 1085 species,
715 1031 760 1068 seu
779 1012 846 1068 forte

54 1088 120 1158 lapsa
127 1107 181 1144 rox
192 1090 379 1162 inprocsagium
390 1091 477 1146 vertit.
513 1091 575 1145 Non
586 1109 672 1144 rumor
683 1091 788 1154 interea,
801 1087 844 1144 sed
854 1098 891 1152 32

54 1165 162 1236 undique
179 1167 266 1222 nuntii
282 1167 411 1232 incedunt,
431 1168 474 1238 qui
492 1185 571 1237 gnara
588 1166 694 1221 Claudio
710 1169 803 1221 cuncta
819 1169 846 1221 et

53 1243 135 1297 venire
156 1247 303 1315 promptum
326 1244 418 1298 ultioni
437 1245 563 1298 afferrent.
599 1243 686 1314 Igitur
708 1241 869 1304 Messalina2

53 1319 215 1374 Lucullianos
238 1321 267 1375 in
289 1321 386 1384 hortos,
412 1320 491 1374 Silius
515 1319 696 1374 dissimulando
720 1323 791 1374 metu
814 1317 846 1374 sd

77 1396 136 1450 unia
154 1395 205 1452 fori
224 1396 409 1467 digrediuntur.
446 1396 545 1451 Ceteris
565 1395 659 1467 passim
677 1395 868 1459 dilabentibust

42 1414 150 1604 Q:
163 1475 336 1537 centuriones,
354 1472 485 1544 inditaque
503 1477 564 1528 sunt
580 1472 670 1537 vinela,
687 1477 717 1527 ut
736 1473 792 1543 quis
808 1489 846 1526 re·

53 1548 116 1617 perie
149 1553 196 1604 tur
221 1551 250 1604 in
276 1549 378 1620 publico
406 1553 451 1604 aut
480 1567 527 1620 per
554 1548 671 1603 latebras.
707 1548 869 1603 Messalinus

52 1629 141 1691 tamen,
155 1643 302 1697 quanquam
316 1645 358 1680 res
377 1625 487 1681 adversm
504 1625 636 1680 consilium
649 1625 797 1691 crimme&
809 1625 846 1680 ire

52 1702 147 1757 obviam
166 1706 195 1757 et
210 1703 289 1773 aspici
306 1701 431 1766 ammitn,
446 1701 513 1773 quod
528 1721 594 1773 saepe
611 1700 751 1756 subsidium
768 1699 847 1755 habu·

52 1780 145 1844 crath
180 1778 198 1833 d
217 1779 332 1850 segniter
348 1778 463 1843 intendit,
480 1779 616 1850 jussitque,
635 1782 665 1833 ut
683 1777 846 1831 Britannicus

51 1867 75 1909 et
92 1798 425 1926 omabaffifflmm
444 1856 524 1927 patris
541 1857 685 1927 pergerent.
721 1853 757 1908 ut
775 1853 868 1909 Vibi-5

49 1930 113 1986 diam
125 1932 257 2004 virginum
266 1931 411 1986 Vestalium
419 1932 618 1986 vetustissimam
628 1931 709 1986 oravit
719 1930 846 2001 pontificis
896 1985 899 1991 ,

48 2009 150 2064 maximi
169 2027 245 2063 aures
264 2007 341 2072 adire,
363 2007 521 2063 clementiam
539 2012 665 2079 expetere.
702 2010 789 2080 Atque
809 2008 869 2069 ins

46 2085 128 2150 terim,
147 2084 235 2141 tmbus
256 2084 359 2139 omnino
378 2084 566 2151 comitantibus,
583 2084 620 2151 (id
636 2088 741 2156 repente
759 2085 846 2140 solitu·

45 2159 111 2216 dinis
124 2165 201 2230 erat)
215 2161 327 2232 spatium
339 2159 409 2215 urbis
421 2160 528 2231 pedibus
545 2179 654 2226 emensa,
667 2161 782 2216 vebimrlo
795 2180 846 2232 quo

45 2242 217 2309 purgamenta
232 2239 365 2292 hortorum
384 2227 758 2308 †eripiunturffluntur)‚
777 2239 846 2294 Osti-

43 2331 131 2368 ensem
150 2314 221 2368 viam
238 2314 326 2379 intrat,
339 2313 409 2368 nulla
426 2313 575 2384 cujusquam
596 2313 774 2379 misericordia,
787 2316 847 2386 quia

42 2389 204 2461 flagitiorum
217 2389 365 2448 deformitas
376 2389 536 2461 praevalebat.
572 2390 757 2461 Trepidabatur
768 2391 846 2446 nihilo
855 2395 891 2448 33

42 2467 129 2521 minus
142 2485 160 2520 a
172 2467 291 2522 Caesare:
311 2466 403 2537 quippe
420 2467 493 2521 Getae
508 2465 620 2536 pretorii
638 2467 758 2537 praelecto
778 2467 847 2521 baud

42 2543 106 2597 satis
124 2542 250 2608 fidebant,
270 2542 303 2596 ad
320 2543 428 2596 honesta
445 2559 490 2596 seu
519 2541 603 2596 rara'
653 2543 740 2596 alevi.
776 2542 869 2610 Ergoz

42 2547 679 2753 Narcissussasffitds,
698 2634 748 2669 non
773 2615 847 2666 aliam

42 2711 116 2765 spem
135 2695 261 2751 incolumi
301 2713 324 2748 1s
372 2762 377 2771 .
427 2694 433 2706 ‘
464 2694 578 2758 affirmat,
595 2710 672 2762 quam
689 2690 711 2742 si
724 2689 767 2757 jus
784 2686 847 2738 mili-
