1936 2968
193 156 241 204 sle
529 153 649 202 TACITI
824 205 946 262 [Lu-cem

193 264 253 318 dum
272 265 343 329 vixit,
359 265 501 319 severitatis
514 263 589 330 fama,
602 257 728 334 supremis
745 261 874 318 testamenti
882 254 946 318 vert&

194 339 337 394 ambitionis
355 340 522 394 manifestus:
547 339 640 410 quippe
651 339 734 394 multa
749 340 776 392 in
789 329 946 420 semiesas

193 415 287 470 latione
311 415 408 470 addidit
432 416 606 486 subjecturum
631 415 657 469 ei
680 415 830 485 provinciam
846 412 911 472 luisse,
925 419 946 472 s}

172 490 294 545 2biennio
306 492 422 561 proximo
433 492 546 545 vixisset.
583 490 633 545 Sed
644 494 702 544 tum
714 490 830 545 Paulinus
841 483 946 570 Saecula}

193 565 323 620 obt'nebat
335 567 486 633 Britannos3
505 566 611 621 scientia
621 567 719 620 militiae
730 570 757 620 et
772 582 860 619 rumore
873 557 946 632 popul}

194 641 238 711 qui
249 643 375 696 neminem
388 643 442 696 sine
460 643 550 696 amulo
567 642 636 708 sinit,
650 641 800 696 Corbulonis
815 629 946 702 concertatore}

193 722 351 788 receptaeque
371 719 498 772 Armeniae
517 717 594 772 decus
615 737 715 788 sequare
733 717 829 771 domitis
843 705 946 790 perduelli

171 793 242 851 ebus
254 794 365 864 cupiens.
394 794 482 863 Igitur
493 793 598 847 Monam
611 793 727 860 insulam,
739 793 822 847 incolis
832 783 946 862 vdidandt

193 869 381 939 receptaculum
399 869 570 939 perfugarum,
584 868 689 939 aggredi
707 873 786 939 parat,
802 880 903 933 nauaque
914 859 946 944 lep

170 944 307 1002 sbricatur
325 945 399 1015 plano
416 944 487 997 alveo
504 944 624 998 adversm
642 944 720 998 breve
737 947 764 998 et
775 944 886 997 incertum·
911 934 946 988 &sl

192 1019 286 1090 pedes:
310 1019 409 1088 equites
427 1019 491 1072 vado
509 1019 597 1083 secuti,
617 1023 670 1086 aut,
688 1020 788 1074 altiores
807 1019 863 1071 inter
876 987 946 1104 mdis!

148 1103 186 1156 30
194 1094 315 1149 adnantes
339 1095 410 1165 equis
431 1094 569 1148 tramisere.
606 1095 697 1149 Stabat
720 1113 766 1165 pro
787 1094 851 1147 litore
870 1088 941 1142 drea

195 1171 268 1235 acies,
282 1169 360 1223 densa
371 1170 446 1223 armis
464 1170 582 1239 virisque,
598 1169 820 1224 intercursantibus
835 1164 911 1220 semim
920 1170 941 1212 Β

194 1246 297 1300 modum
314 1245 448 1299 birriarum
465 1249 538 1299 veste
554 1245 633 1310 ferali,
651 1245 763 1300 crinibus
779 1241 880 1313 dejectu
893 1237 941 1289 im

171 1321 368 1392 apraeferebaut.
404 1320 559 1391 Druidaeque
583 1321 684 1388 circum,
696 1339 783 1391 preces
797 1319 856 1373 diras
866 1311 946 1380 sullus!

194 1397 227 1450 ad
247 1396 335 1450 calum
356 1394 470 1449 manibus
490 1395 632 1461 fundentes,
653 1397 767 1450 novitate
789 1395 886 1465 aspectus
903 1393 946 1456 W

195 1473 278 1528 oulere
290 1473 403 1536 militem,
417 1477 447 1526 ut
464 1472 536 1542 quasi
553 1473 708 1528 harentibus
726 1472 836 1527 membris
849 1457 946 1549 immabi}

171 1557 286 1620 scorpus
309 1547 455 1602 vulneribus
483 1548 632 1618 praeberent.
676 1550 745 1603 Dein
770 1536 946 1626 cohortatiombffli

195 1623 275 1692 ducis,
287 1628 313 1679 et
330 1641 357 1677 se
373 1624 422 1694 ipsi
438 1623 605 1689 stimulantes,
621 1643 652 1680 ne
669 1625 789 1680 muliebre
804 1627 827 1678 et
840 1617 946 1698 lanam!

196 1718 287 1771 agmen
304 1703 475 1770 pavescerent,
493 1699 607 1754 inferunt
624 1701 699 1772 signa
715 1704 867 1769 sternuntque
880 1677 946 1778 (Μ

172 1781 222 1831 set
234 1776 288 1847 igni
304 1794 350 1830 suo
369 1775 508 1830 involvunt.
544 1775 696 1831 Presidium
713 1778 814 1849 posthac
832 1757 946 1842 impostam!

190 1851 278 1916 -victis,
291 1852 420 1921 excisique
438 1851 488 1905 luci
504 1851 577 1906 saevis
594 1853 811 1923 superstitionibus
822 1846 888 1904 sacri:
900 1849 941 1893 Μ

196 1945 285 1981 cruore
297 1927 397 1998 captivo
410 1927 508 1982 adolere
521 1946 577 1982 aras
593 1933 620 1983 et
633 1929 761 1985 hominum
773 1927 835 1983 fibris
845 1914 939 2000 consul?

197 2001 257 2057 deos
281 2002 319 2056 fas
343 2002 478 2060 habebant.
513 2003 579 2058 Haec
603 2006 690 2076 agenti
714 2004 826 2060 Suetonio
845 1993 940 2076 reperim

150 2081 185 2133 31
197 2076 305 2132 defectio
322 2079 457 2148 provincia
472 2079 613 2134 nuntiatur.
649 2081 708 2135 Rex
723 2082 845 2136 Icenorum

196 2173 253 2222 gas,
266 2155 342 2224 longa
353 2155 483 2224 opulentia
499 2155 589 2222 clarus,
602 2157 728 2212 Gaesarem
742 2155 849 2212 heredem
861 2147 939 2208 dmum

195 2228 259 2280 libas
280 2229 424 2297 scripserat,
442 2230 489 2284 tali
502 2230 624 2302 obsequio
639 2237 712 2288 ratus
729 2243 869 2304 regnumque
881 2211 937 2274 til*

170 2305 612 2376 amumsuamproculinjuriafore.
649 2309 728 2368 Quod
736 2287 938 2364 consumsit&

193 2375 223 2424 ut
244 2391 351 2442 regnum
371 2397 418 2446 per
441 2383 611 2448 centuriones,
634 2383 724 2439 domus
744 2403 787 2455 per
805 2393 877 2435 servos
906 2443 910 2452 Ι

193 2449 266 2511 capta
287 2453 456 2508 vastarentur.
493 2457 552 2510 Jam
571 2460 683 2527 primum
704 2478 768 2514 uxor
781 2458 833 2528 ejus
849 2443 940 2524 Bonum

169 2517 337 2603 everberibus
356 2525 454 2593 affecta,
467 2534 494 2583 et
506 2532 563 2586 filiae
581 2537 673 2604 stupro
684 2535 782 2590 violatae
793 2533 852 2588 sunt.
879 2522 938 2596 ΡΨ,

190 2607 236 2656 Pffl
252 2609 344 2674 qunque
361 2597 506 2666 Icenorum,
520 2608 594 2674 quasi
611 2614 732 2665 cunctam
744 2611 859 2681 regionem
873 2599 938 2672 murm

88 2689 128 2695 ψ
190 2669 352 2730 accepissent,
373 2672 448 2725 avitis
470 2676 543 2732 bonis
565 2689 706 2752 exuuntur,
726 2690 752 2742 et
769 2673 946 2756 propinqui1⁸t¹²
