1936 2968
149 133 197 192 aaa
485 131 604 186 sacrm

779 193 813 241 [Δ.
824 193 855 234 U.
865 195 887 237 0·
899 194 947 243 Μ-

124 238 143 300 7
184 239 298 300 Mortem
309 241 426 312 Poppae
436 245 467 296 ut
479 242 561 314 palam
578 242 686 306 tristem,
699 241 737 296 ita
747 239 947 298 redundantibus

148 317 233 374 latam
244 317 277 372 ob
289 316 472 386 impudicitiam
488 318 544 389 ejus
561 317 741 388 saevitiamque,
760 335 828 372 nova
839 319 948 389 insuper

148 393 244 453 invidia
266 393 338 448 Nem
355 393 489 465 complevit
508 393 663 466 prohibendo
681 393 710 448 G.
724 393 845 450 Cassium
862 395 947 451 officio

127 468 329 538 aexequiarum3
348 467 417 540 quod
434 469 543 540 primum
561 468 682 524 indicium
699 468 767 524 meli
803 469 902 540 Neque
920 471 947 526 in

149 545 253 616 longum
265 544 371 602 dietum
383 548 431 610 est,
444 545 489 602 sed
506 546 606 602 Silanun
624 544 734 613 additur,
745 545 816 600 nullo
829 547 945 614 ommine,

149 621 199 681 nisi
210 621 279 694 quod
293 621 397 678 Cassius
412 622 504 692 opibus
521 621 630 686 vetustis
646 623 673 676 et
688 622 816 693 gravitme
834 642 945 690 morum,

150 697 251 752 Silanus
268 697 418 752 claritudine
440 697 541 770 generis
564 700 591 752 et
614 697 730 752 modesta
745 696 863 767 juventa
881 718 946 770 prse-

128 773 280 829 toellebant.
317 773 403 844 Igitur
428 771 505 828 missa
528 771 561 828 ad
584 779 701 828 senatum
723 773 841 829 oratione
865 793 947 830 remo

149 848 245 904 vendes
261 867 277 904 a
293 867 321 903 re
338 848 440 918 publiea
456 852 578 919 utrosque
597 848 717 906 disseruit
725 871 733 915 ς
752 848 947 922 objectavilque

126 991 128 998 Ι
150 923 238 980 Cassio
250 924 318 996 quod
326 924 394 980 inter
402 924 524 996 imagines
534 925 658 996 majorum
667 925 743 982 etiam
753 923 783 980 C.
798 925 887 982 Cassii
899 927 947 982 effi-

149 1001 217 1072 giem
229 999 356 1068 noluisset,
368 999 406 1056 ita
417 1001 574 1070 inscriptam
585 1002 601 1029 “
607 1001 677 1056 Duoi
689 1001 801 1071 partium
811 1003 838 1056 :'’
851 1003 947 1074 quippe

150 1077 246 1137 semina
262 1076 322 1142 belli
338 1076 418 1132 eivilis
436 1079 463 1132 et
487 1075 655 1134 defectionem
678 1075 787 1132 adorno
814 1077 948 1135 Cosmum

128 1151 289 1224 aquaesitam.
325 1153 366 1208 Ao
382 1151 436 1224 †ne
453 1152 575 1210 memoria
596 1155 698 1216 tantum
720 1151 819 1208 infensi
836 1154 947 1210 nominis

150 1227 183 1282 ed
200 1228 337 1296 disoordias
355 1231 478 1294 uteretur,
497 1229 664 1300 msumpsisae
684 1227 716 1282 L.
730 1228 857 1296 Silanum,
875 1231 949 1302 juve·

150 1322 208 1360 nem
228 1323 321 1376 genere
342 1305 458 1370 nobilem,
481 1305 564 1363 animo
585 1308 750 1378 praernptum,
771 1324 853 1377 quem
875 1307 948 1363 norm

126 1378 225 1436 8rebus
249 1384 397 1448 ostentaret.
444 1377 535 1460 Ipsum
560 1381 650 1438 dehine
679 1381 792 1446 Silanum
818 1383 948 1456 increpuit

149 1455 231 1512 isdem
248 1457 340 1528 quibua
357 1461 477 1530 patruum
495 1458 550 1530 ejus
567 1457 731 1528 Torquatum,
749 1461 883 1529 tanquam
901 1460 946 1518 dis

150 1535 256 1604 poneret
269 1533 323 1605 jam
339 1534 439 1604 imperii
453 1552 536 1600 eures,
554 1533 743 1609 praefioereaque
761 1535 947 1598 rationibnset

150 1607 242 1664 libellis
254 1613 280 1666 et
292 1607 405 1679 epistolis
423 1608 536 1676 libertos,
552 1609 637 1672 inania
652 1609 727 1667 simrd
743 1613 770 1665 ot
786 1611 874 1668 falsa:
894 1631 946 1668 nam

152 1684 260 1749 Silanus,
272 1685 395 1740 intentior
403 1688 476 1743 metu
484 1689 511 1740 et
520 1686 598 1744 exitio
607 1685 699 1756 patrui,
708 1685 740 1742 ad
749 1690 947 1758 praecavendum

130 1760 289 1820 texterritua
301 1764 363 1816 erat.
398 1760 504 1819 Induoit
515 1762 621 1832 posthae
632 1761 755 1817 vocabulo
767 1761 899 1832 indicum,
909 1763 947 1837 qni

151 1835 179 1889 in
195 1836 319 1907 Lepidam
336 1836 419 1892 Cassii
439 1854 552 1903 uxorem,
578 1837 657 1892 Silani
679 1837 794 1902 amitam,
821 1840 946 1898 incestum

151 1929 210 1966 oum
227 1913 315 1968 fratris
329 1911 381 1967 ilio
395 1916 422 1968 et
440 1911 510 1972 duos
527 1931 657 1968 sacrorum
673 1913 740 1968 ritus
758 1916 944 1988 oonfingemnt

129 1986 327 2044 almhebantur
339 1992 369 2043 ut
381 1989 476 2054 eonsoii
488 1989 620 2045 Volcatius
632 1988 749 2048 Tullinus
761 2007 794 2045 ae
807 1991 945 2050 Mareelm

151 2061 284 2120 Cornelius
302 2066 439 2130 senatores,
456 2068 483 2121 et
500 2064 651 2134 Calpurnius
669 2063 785 2129 Fabatus
803 2085 889 2139 eques
901 2069 945 2124 Ro

150 2157 255 2206 manus;
274 2141 319 2210 qui
330 2140 456 2211 appellato
473 2139 587 2212 principe
604 2141 743 2206 instantem
755 2140 946 2204 damnatione}

150 2213 276 2280 frustrati,
288 2234 349 2272 mox
360 2216 491 2272 Neronem
505 2217 573 2274 oiroa
584 2233 682 2282 summa
693 2216 794 2283 scelera
806 2219 897 2278 disten
946 2222 953 2235 '

125 2290 224 2357 9qnasi
240 2289 350 2344 minores
368 2310 479 2348 evasere.
514 2291 587 2348 Tune
605 2291 722 2349 oonsulto
740 2299 840 2352 senatu
860 2297 884 2352 G
926 2295 931 2308 '

148 2368 175 2416 et
188 2364 273 2418 Silano
285 2366 360 2420 exilia
372 2367 560 2427 decernuntur:
586 2368 618 2425 de
633 2369 733 2440 Lepida
749 2370 843 2434 Caesar
856 2394 869 2428 s

124 2440 194 2492 2ret.
230 2438 439 2522 Depertatusque
456 2445 484 2498 in
501 2444 610 2500 insulam
629 2444 772 2503 Sardiniam
792 2448 911 2516 Cassios,
