1936 2968
96 101 144 151 tto
433 100 556 150 ΤΔΟΙΤΙ

677 161 712 208 [n
722 161 751 200 u.
760 161 785 201 c.
795 163 841 209 ers
851 159 899 204 ssa

94 215 149 266 tem
168 213 214 266 snt
232 227 321 266 serum
342 226 372 264 ae
387 209 555 278 plurimorum
572 209 701 266 indubiam
718 212 901 266 innoeentism

74 287 277 344 miserantium.
313 285 450 340 Prmvsluit
474 290 561 340 tamen
582 305 642 357 pure
660 305 719 356 quae
736 287 902 358 supplicium

95 363 254 420 decernebat.
292 361 343 416 Sed
358 360 527 431 obtemperari
543 380 596 417 non
612 367 721 434 poteret,
739 363 902 434 eonglobata

74 438 259 498 8multitudine
283 441 310 492 et
334 455 397 492 saxa
419 455 449 492 se
471 438 540 493 ieees
563 439 683 494 minante.
720 439 790 493 rann
813 441 902 495 ΟΜ

95 515 217 588 populum
229 513 314 569 edieto
331 514 465 584 increpuit,
478 517 556 584 etque
567 533 641 570 omne
652 516 703 570 iter
715 533 767 586 quo
780 515 901 571 damnati

95 592 130 648 sd
153 609 252 662 poenam
275 590 440 656 ducebantur,
464 591 616 646 militaribus
639 591 767 661 presidiis
799 593 900 663 erepsit.

75 669 238 725 tilensuerat
256 667 396 738 Cingonius
411 665 494 721 Varro
510 671 540 722 nt
554 667 640 722 liberti
658 685 767 738 quoque,
787 669 835 738 qui
850 669 902 724 snb

96 744 185 800 eodem
196 747 267 799 teoto
278 743 396 807 inissent,
413 742 490 796 Italia
506 742 709 813 deportarentur.
746 742 782 798 Id
801 746 902 814 sprin-

96 819 153 891 eipe
164 819 319 892 prohibitum
331 822 378 883 est,
393 835 426 872 ne
442 835 497 872 mos
515 819 643 888 antiquus,
662 834 739 888 quem
753 819 903 876 nuiserieor·

97 895 140 951 dis
150 913 203 950 non
214 897 348 960 minuerat,
361 911 408 964 per
416 894 539 948 sevitium
550 893 735 948 intenderetur.

52 973 90 1028 46
132 971 276 1026 Damnatus
296 970 379 1025 isdem
397 969 543 1024 oonsulibus
559 969 709 1040 Tarquitius
724 969 843 1036 Priseus,
863 991 904 1028 re-

98 1047 268 1119 petundamm
285 1046 405 1118 Bithynis
422 1045 658 1117 interrogantibus3
681 1063 777 1116 magno
796 1053 905 1118 petrum

98 1123 199 1196 gaudio,
219 1124 263 1194 qui
280 1125 427 1178 seeusstum
445 1121 476 1177 ab
497 1139 528 1176 eo
547 1122 678 1177 Statilium
696 1121 815 1178 Taurum
839 1143 902 1195 pro-

77 1199 228 1259 econsulem
239 1199 320 1270 ipsius
337 1199 512 1254 meminerant.
549 1198 647 1252 Census
664 1215 710 1268 per
723 1199 823 1255 Gallius
838 1219 856 1255 s
867 1202 902 1260 Q.

99 1276 207 1331 Volusio
225 1279 253 1330 et
266 1275 355 1330 Sextio
372 1275 493 1329 Aideano
514 1274 690 1345 'lbebellioqns
708 1274 831 1332 Maximo
850 1277 903 1332 seti

100 1357 168 1418 sunt,
190 1351 288 1407 smmis
307 1352 376 1406 inter
396 1369 424 1405 se
443 1369 488 1420 per
508 1350 667 1406 nobilitatem
684 1351 799 1408 Volusio
823 1357 901 1424 etque

99 1429 236 1485 Airieano:
262 1427 415 1483 Trebellium
433 1427 494 1482 dum
510 1430 619 1498 uterque
637 1426 803 1498 dedignetur,
822 1447 900 1500 supra

102 1506 193 1561 tulere.

55 1591 92 1648 47
135 1583 175 1638 Eo
194 1599 260 1637 anno
278 1583 387 1636 mortem
405 1579 469 1635 obiit
485 1579 625 1636 Memmius
642 1579 770 1650 Regulus,
789 1581 899 1636 suetori·

100 1663 164 1724 tate,
183 1658 333 1723 oonstautia,
351 1658 426 1722 fame,
445 1657 473 1712 in
493 1661 618 1728 quantum
636 1656 830 1726 prueumbrante
853 1658 898 1712 im·

100 1735 225 1808 perstoris
243 1735 347 1806 fastigio
367 1733 450 1798 detur,
470 1733 570 1798 elarus;
594 1733 657 1788 adeo
680 1737 711 1787 ut
732 1733 808 1788 Nero
832 1751 899 1804 segur
956 1743 958 1804 ξ

100 1811 254 1876 veletudine,
274 1814 302 1866 et
323 1808 485 1864 adstantibus
505 1809 600 1864 eiroum
624 1809 668 1879 qui
690 1809 770 1863 finem
791 1809 899 1880 imperio
956 1805 958 1898 Ι

101 1887 190 1943 adesse
214 1887 339 1952 dicebant,
364 1887 388 1942 si
411 1884 473 1956 qaid
495 1885 550 1940 isto
570 1889 709 1956 peteretur,
733 1885 898 1956 responderit
955 1899 958 1964 j

101 1963 195 2019 bebere
216 1963 358 2019 subsidium
373 1979 427 2017 rem
441 1961 576 2033 publiosm,
593 1960 742 2032 rogantibus
761 1961 858 2017 dehine
873 1962 900 2016 in
955 1967 958 2046 l

80 2050 153 2110 2quo
171 2039 339 2110 potissimum,
351 2038 476 2094 addiderit
490 2038 518 2093 in
533 2037 656 2093 Memmio
673 2037 786 2109 Regulo.
823 2038 899 2093 Vixit

100 2118 187 2168 temen
198 2119 256 2184 post
269 2115 323 2169 hue
335 2115 460 2186 Regulus,
474 2114 560 2185 quiete
572 2113 699 2179 defensus,
713 2117 740 2168 et
753 2114 818 2184 quis
834 2130 900 2170 nora

78 2189 200 2256 egenonis
212 2189 363 2244 claritudine
378 2207 461 2260 neque
473 2190 604 2245 invidiosis
616 2190 706 2260 opibus
718 2195 785 2246 erat.
825 2192 899 2263 Gym-

99 2261 199 2313 nasium
222 2277 253 2314 eo
276 2280 343 2317 anno
367 2264 514 2320 dedicatum
537 2284 554 2320 s
577 2267 688 2331 Nerone,
709 2267 899 2340 prebitumque

98 2333 181 2385 oleum
195 2335 275 2402 equiti
287 2353 317 2390 so
329 2340 430 2393 senstui
443 2341 534 2396 Grsees
544 2341 675 2396 facilitate.

52 2411 91 2460 48
133 2405 163 2458 P·
176 2407 268 2470 Μὸῐῑθ,
293 2409 325 2460 L.
337 2412 429 2468 Asinio
459 2417 616 2483 oonsulibus,
637 2416 772 2472 Antistius
796 2424 897 2487 preter,

25 2479 172 2558 *off-quem
195 2479 223 2530 in
247 2479 381 2538 tribunatu
404 2488 487 2556 plebis
510 2491 619 2548 lieenter
642 2493 727 2564 egisse
749 2495 897 2557 memoravi,

30 2568 76 2643 ⁴43.
94 2548 217 2682 efflasse
226 2552 350 2676 strenuus
368 2561 511 2644 prinoipem
528 2569 641 2623 earmina
657 2569 797 2657 destiterit,
810 2570 898 2640 vulpe

175 2655 176 2658 ,
197 2638 250 2675 see
267 2642 290 2676 n
308 2643 433 2699 sonuum,
453 2637 516 2693 dum
533 2643 604 2712 apud
616 2645 749 2702 Ostorium
762 2645 898 2718 Scapulam
956 2643 958 2742 l
