1866 2944
33 187 53 226 Δ
72 187 92 225 l)
110 186 153 234 ²⁰]
251 123 445 172 ANNALIUM
465 123 517 172 lll.
535 125 623 172 9-18.
799 125 831 174 09

32 234 858 382 llimiluijllliaiiil’dffililq‘liiilibffir

31 387 186 459 obsequium
203 405 263 458 erga
278 388 458 458 imperatorem
473 388 552 453 exuit,
569 386 733 460 ejusdemque
751 391 834 444 morte

31 469 59 520 et
76 466 155 520 luctu
170 483 226 519 meo
243 464 346 520 lactatus
365 469 412 529 est,
431 463 516 529 odero,
537 482 708 536 seponamque
726 483 742 520 a
759 463 834 520 domo

29 561 97 607 msa,
118 545 147 596 et
164 541 277 611 privatas
295 540 441 596 inimicitias
459 559 511 596 non
529 541 555 596 vi
579 541 700 612 principia
718 541 833 598 ulciscar.

30 619 80 673 Sin
91 617 194 673 facinus
205 619 232 672 iu
244 618 419 688 cujuscunque
431 618 576 672 mortalium
585 635 647 674 nece
657 617 857 674 vindicandumt

28 695 175 767 detegitur,
188 712 233 748 vos
246 712 306 748 vcro
319 697 346 748 ct
358 693 450 750 liberos
460 695 605 752 Germanici
616 699 643 750 ct
656 712 703 750 nos
715 699 834 768 parentes

23 773 109 845 justis
122 771 222 826 solatiis
234 769 344 825 adicite.
381 771 511 841 Simulque
523 771 587 826 illud
596 775 722 842 reputate,
732 771 857 826 turbidat

25 853 56 904 et
69 848 197 904 seditiose
208 847 358 902 tractaverit
370 847 497 902 exercitus
512 847 581 914 Piso,
596 847 704 919 quesita
721 847 773 902 sint
790 865 836 918 per

25 925 201 982 ambitionem
213 922 299 978 studia
310 922 428 988 militum,
441 925 518 978 armis
529 925 641 994 repetita
651 923 789 994 provincia,
802 941 836 980 aa

24 1002 97 1058 falsa
118 1001 175 1054 hacc
196 999 223 1053 in
243 999 325 1070 majus
346 999 506 1070 vulgaverint
527 1004 704 1066 accusatorem
726 1018 835 1072 quorum

24 1095 79 1149 ego
92 1076 184 1132 nimiis
196 1075 289 1130 studiis
298 1076 357 1146 jure
374 1094 519 1132 succenseo.
556 1077 625 1132 Nam
642 1093 693 1148 quo
710 1077 858 1148 perunuitr

25 1154 135 1210 nudare
147 1171 240 1223 corpus
249 1157 276 1207 et
288 1153 497 1208 contrectandum
506 1152 577 1226 vulgi
586 1153 666 1208 oculis
678 1153 833 1224 permittere,

25 1229 184 1300 differrique
202 1229 280 1284 ctiam
303 1247 349 1300 per
369 1232 488 1286 externos
504 1233 626 1301 tanquam
641 1248 739 1286 vcncno
757 1231 834 1286 iuter-

24 1311 126 1378 ceptus
143 1309 220 1370 esset,
239 1306 261 1360 si
277 1305 375 1360 incerta
391 1305 473 1362 adhuc
490 1307 541 1362 iata
557 1310 584 1362 ct
600 1306 737 1362 scrutanda
755 1307 835 1362 sunt?

23 1385 126 1440 Dcfleo
147 1381 267 1452 equidem
286 1381 367 1436 filium
385 1401 468 1438 meum
488 1401 637 1455 semperque
658 1382 770 1438 deflebo:
791 1382 857 1438 seda

22 1479 118 1532 neque
131 1477 206 1514 reum
218 1457 341 1529 prohibeo
354 1477 404 1530 quo
415 1459 499 1516 miurus
512 1464 605 1516 cuncta
616 1459 730 1532 proferat
743 1460 835 1530 quibua

23 1535 185 1594 innocentia
196 1535 254 1606 ejus
265 1535 393 1591 sublevari
404 1540 456 1602 aut,
470 1537 493 1592 si
509 1555 560 1608 qua
571 1537 622 1593 fuit
638 1536 760 1608 iniquitas
773 1537 836 1591 Ger-

24 1613 137 1678 manici,
152 1611 260 1683 coargui
271 1610 368 1682 possit;
387 1630 482 1682 vosque
499 1631 544 1668 oro
556 1632 596 1679 nc,
611 1613 671 1684 quia
686 1612 768 1667 dolori
780 1629 836 1667 mco

24 1707 113 1750 causa
125 1707 244 1744 connexa
255 1691 304 1752 est,
317 1687 417 1760 objecta
428 1690 534 1745 cumina
545 1708 591 1761 pro
609 1689 757 1760 approbatis
773 1689 836 1744 acci-

24 1767 122 1839 piatis.
162 1765 191 1819 Si
209 1783 273 1836 quoa
291 1766 448 1836 propinqum
467 1767 571 1838 sanguis
590 1773 636 1820 aut
652 1763 715 1819 fides
730 1782 777 1818 sua
793 1780 857 1835 pua-o

23 1849 125 1899 tronus
138 1839 221 1906 dedit,
235 1844 359 1910 quantum
371 1842 478 1914 quisque
490 1842 637 1914 eloquentia
648 1843 675 1894 et
687 1857 749 1894 cura
760 1841 835 1910 valet,

20 1921 123 1994 juvate
136 1917 334 1990 periclitantem.
360 1918 403 1973 Ad
414 1918 523 1974 eundem
532 1918 653 1983 laborem,
662 1917 767 1974 eandem
779 1937 836 1976 con·

21 1996 161 2054 stantiam
186 1997 346 2049 accusatores
376 1993 473 2050 hortor.
523 1995 556 2050 Id
577 1995 661 2052 solum
685 1995 874 2055 Germanicolo

21 2092 112 2146 super
129 2072 204 2142 leges
220 2071 422 2142 prestiterimuq
435 2071 504 2142 quud
520 2073 548 2128 in
566 2071 637 2128 curia
655 2073 835 2147 potius-quam

19 2151 53 2214 in
66 2151 140 2214 foro,
155 2147 225 2218 apud
237 2151 352 2202 acuatum
365 2166 441 2219 quam
453 2148 521 2219 apud
530 2149 630 2220 judices
643 2147 674 2206 de
686 2156 768 2208 morte
780 2154 835 2226 ejus

20 2225 192 2298 anquiritur.
229 2223 322 2280 Cetera
344 2225 400 2296 pari
418 2224 544 2282 modestia
563 2231 715 2284 tractentur.
751 2231 834 2287 Nemo
844 2241 872 2291 ll

19 2303 117 2362 Drusi
134 2299 261 2366 lacrimas,
274 2320 348 2356 nemo
364 2302 511 2356 maestitiam
529 2321 612 2359 mcum
630 2310 737 2376 spectet,
750 2327 797 2364 nec
813 2309 836 2364 si

20 2399 83 2454 qua
105 2379 137 2434 iu
159 2395 207 2431 nos
225 2378 330 2434 adversa
346 2379 506 2450 fingrmtur.''
543 2380 611 2436 llxiu
629 2381 735 2440 biduum
754 2385 880 2442 cumi-13

20 2458 111 2518 nibus
138 2453 288 2525 objiciendis
312 2455 444 2520 statuitur,
465 2459 546 2526 utque
567 2475 613 2512 aex
633 2459 732 2516 dierum
753 2463 835 2533 spatio

20 2532 176 2603 interjecto
197 2549 256 2587 rcus
277 2531 453 2603 pertriduum
471 2532 657 2590 defenderetur.
694 2537 760 2592 Tum
776 2539 858 2592 Ful-2

22 2611 120 2668 cintus
145 2611 235 2662 vetera
258 2611 285 2663 et
308 2607 394 2664 inania
417 2607 525 2672 orditur,
551 2609 684 2664 ambitiose
712 2627 837 2674 avareque

22 2687 153 2746 habitam
169 2684 336 2756 Hispaniam
355 2681 425 2754 quod
436 2700 519 2751 neque
535 2683 680 2736 convictum
695 2697 768 2732 noxae
784 2693 836 2736 reo,
