1866 2944
36 205 129 261 mn]
219 156 412 205 ANNALIUM
431 159 473 206 lv.
491 163 593 210 24-29.
749 164 794 212 m

60 258 143 315 dealem
155 267 237 321 estate
249 272 319 322 mota
331 287 376 339 per
394 269 495 325 Italiam
511 271 610 326 servilis
627 270 687 327 belli
699 273 795 328 semina
804 271 841 329 2⁷

29 331 74 388 lom
93 342 216 408 oppressit.
250 347 350 400 Auctor
367 347 494 402 tumultus
517 349 546 403 T.
561 348 696 414 Curtisius,
716 367 795 420 quorr-

31 407 77 464 dsm
94 418 210 484 pretoriae
227 421 337 477 cohortis
357 425 437 492 miles,
455 425 536 496 primo
557 426 664 481 ooetibus
682 425 795 481 clandes-

30 485 145 560 mnapud
153 493 313 552 Bnmdisium
321 503 348 554 et
356 501 518 573 cncumjeeta
525 501 624 573 oppido,
633 520 693 556 mox
702 503 793 574 positis

27 546 138 634 propdam
159 569 254 641 libellis,
275 575 307 630 ed
324 575 470 632 hdertatem
487 578 594 633 vocabat
617 581 727 650 agrestis
747 597 793 650 por

26 635 158 714 longinquos
170 648 247 704 saltus
257 655 283 706 et
295 652 517 721 ferociaservitis5
534 672 600 722 oum,
609 655 679 710 velut
688 673 792 711 manere

25 713 95 785 doum,
107 725 156 778 tres
167 724 273 783 biremes
285 731 405 802 appulere
419 731 452 786 ed
463 751 525 787 usus
540 733 732 788 commeantium
748 733 791 789 illo

24 795 83 848 aar.
110 798 143 854 Ilt
155 809 207 857 erat
220 804 302 860 isdem
313 807 459 878 regionibus
469 808 561 864 Cutius
573 808 664 880 Lupus
673 813 815 880 questor,2

23 869 58 922 tui
67 876 186 941 prouincia
196 885 283 937 vetere
298 901 331 938 ex
345 903 416 940 more
434 885 509 940 calles
525 889 651 942 evenerat.
687 885 723 951 Is,
742 886 791 941 dis·

22 948 93 1012 posita
114 953 292 1013 classiariorum
318 962 397 1032 copia,
422 967 575 1032 coeptantem
598 981 657 1018 cum
682 963 791 1020 maxime

21 1023 200 1092 conjurationem
224 1034 331 1106 disjecit.
368 1037 516 1109 Missusque
535 1056 550 1092 a
567 1038 667 1094 cesare
684 1048 815 1110 properes

21 1095 95 1182 §tum
105 1105 218 1163 tribunus
231 1128 290 1165 cum
301 1112 385 1167 valida
396 1132 472 1169 manu
484 1113 574 1170 ducem
582 1115 665 1185 ipsum
677 1119 704 1170 et
716 1134 789 1186 prox-

19 1188 74 1230 mos
85 1180 181 1238 audacia
192 1186 219 1240 'nr
231 1186 318 1242 urbem
331 1189 418 1254 traxit,
430 1190 483 1260 jam
495 1190 619 1262 trepidam
630 1190 663 1246 ob
674 1192 791 1247 multitu-

19 1247 91 1335 dinem
107 1257 262 1328 familiarum,
276 1283 332 1335 quoe
344 1265 467 1336 gliscebat
481 1267 639 1333 immensum,
652 1268 748 1324 minore
762 1271 790 1326 in

18 1323 64 1382 (hes
74 1331 140 1399 plebe
150 1337 268 1406 ingenua

46 1403 124 1464 Isdem
140 1415 284 1471 consulibus
302 1417 460 1474 miseriarum
478 1438 507 1476 ac
524 1420 627 1476 sevitie
645 1421 787 1494 exemplum
798 1433 835 1489 2ss

17 1480 87 1548 altos,
98 1504 152 1544 reus
164 1495 389 1562 peter‚.acousstor
397 1496 463 1552 filius
474 1499 577 1567 (nomen
585 1499 687 1570 utrique
697 1499 788 1556 Vibius
892 1533 896 1540 ·

18 1553 130 1641 dorsuna)
141 1567 167 1620 in
178 1573 295 1625 senatum
307 1571 405 1628 inducti
417 1579 484 1630 sunt.
521 1576 562 1631 Ab
575 1577 650 1632 exilio
661 1580 787 1633 retractus
797 1592 813 1638 ²

16 1629 135 1710 durisque
158 1662 187 1698 ac
211 1647 328 1717 squalore
346 1649 444 1705 obsitus
462 1655 488 1707 et
506 1655 562 1707 tum
580 1657 670 1708 catena
687 1653 787 1710 rinctus

16 1721 133 1776 perorante
144 1720 209 1776 filio:
228 1728 385 1795 praeparatus
398 1726 542 1784 adolescens
551 1729 638 1785 multis
647 1730 786 1795 munditiis,

15 1784 81 1844 alacri
91 1795 166 1862 vultu,
180 1803 291 1856 structas
301 1803 409 1873 principi
417 1804 528 1870 insidias,
541 1806 632 1860 missos
643 1807 671 1860 in
680 1807 787 1862 Galliam

15 1867 139 1926 maerores
155 1873 215 1930 belli
232 1876 311 1931 index
328 1878 397 1933 idem
408 1884 434 1934 et
450 1881 525 1936 testis
543 1882 652 1948 dicebat,
671 1889 787 1939 annecte·

14 1935 96 2012 batque
117 1948 244 2006 Caecilium
268 1953 412 2010 Cornutum
434 1959 582 2028 pretorium
604 1959 786 2016 ministravisse

11 2021 145 2092 perimam
163 2029 206 2098 qui
229 2029 306 2085 taedio
322 2049 447 2102 curarum,
463 2038 490 2090 et
508 2036 568 2106 quis
584 2036 723 2107 pericnlum
739 2057 786 2110 pro

11 2094 237 2169 uitulaminum,
255 2110 364 2162 mortem
379 2109 407 2163 in
424 2127 452 2165 se
469 2111 607 2167 festinarit.
642 2115 680 2168 st
697 2120 810 2175 coutras

10 2183 62 2226 reus
82 2176 143 2232 nihil
162 2179 271 2236 infracto
289 2183 380 2250 auimo,
399 2185 521 2242 obversus
538 2188 566 2243 in
583 2189 662 2245 filium
681 2197 785 2262 quatere

5 2245 89 2316 uncle,
109 2272 197 2311 vocare
213 2258 310 2314 ultores
328 2260 397 2328 deos,
415 2267 446 2318 ut
464 2264 513 2319 sibi
530 2265 631 2336 quidem
649 2268 785 2326 redderent

10 2325 108 2394 exilium,
132 2331 176 2388 ubi
202 2337 291 2405 procul
313 2338 359 2392 tali
382 2358 452 2395 more
476 2345 571 2412 ageret,
595 2343 675 2400 filium
698 2351 784 2402 sutem

9 2405 146 2478 quandoque
162 2413 285 2483 supplicia
302 2421 476 2486 sequerentur.
512 2421 730 2494 Asseverabatque
746 2425 808 2478 in·4

8 2486 129 2541 nocentem
147 2489 289 2546 Cornutum
307 2496 334 2547 et
351 2493 415 2548 falsa
431 2496 598 2562 exterritum
616 2497 693 2569 idque
710 2499 784 2552 facile

8 2552 133 2629 intellectu,
158 2566 180 2620 si
203 2568 371 2638 proderentur
394 2570 450 2625 alii:
476 2590 528 2626 non
551 2573 618 2627 enim
642 2593 669 2628 se
690 2573 784 2627 caedem

8 2632 115 2708 Principis
134 2645 160 2698 et
177 2661 218 2699 res
236 2663 316 2701 novas
334 2665 386 2700 uno
405 2648 473 2701 socio
491 2647 624 2714 cogitasse.
660 2647 726 2696 Tum
744 2652 832 2700 sto-29

9 2717 99 2771 ustor
114 2718 158 2775 Gn.
171 2720 313 2778 Lentulum
331 2725 357 2776 et
376 2721 463 2776 Seium
479 2720 639 2804 'Tuberonem
656 2712 784 2771 nominatt
