1960 2952
286 125 484 175 ANNALIUM
504 127 613 178 1.4-⁷.

53 191 77 229 A.
87 189 114 228 u.
130 190 173 238 re]

53 239 171 303 durarit;
191 255 275 306 neque
292 242 402 292 mortem
419 237 506 308 nepoti
523 255 569 292 oro
588 237 725 293 semuitste
747 233 857 310 privigni

52 315 150 370 illatam
167 313 288 368 credibile
306 319 369 368 erat.
405 314 516 384 Propius
534 332 594 368 vero
618 315 747 369 'liberium
766 333 796 370 sc
814 315 883 370 Lib

51 392 126 457 mam,
145 391 219 444 illum
237 396 315 456 metu,
333 391 399 445 hanc
416 391 590 446 novercalibus
608 392 680 456 odiis,
699 393 811 463 suspecti
830 397 857 448 et

51 467 129 522 invisi
143 467 249 537 juvenis
270 467 364 522 eaedem
383 467 551 522 festinavisse.
588 469 726 522 Nuntianti
747 466 881 524 centuri-5

52 545 102 609 oni,
115 548 148 597 ut
160 561 217 596 mos
230 542 334 608 militias,
347 543 442 597 factum
455 543 590 613 essequod
603 545 759 612 imperasset,
774 563 856 616 neque

52 620 193 690 imperasse
206 637 270 685 sese,
282 623 308 672 et
324 619 448 673 rationem
464 620 526 674 laeti
543 619 694 674 reddendam
707 620 775 692 apud
787 639 857 676 sens·

52 700 109 751 tum
121 695 264 765 respondit.
291 694 368 754 Quod
381 699 515 766 postquam
529 696 665 750 Sallustius
678 696 784 767 Crispus
801 716 856 767 per·
867 701 882 749 6

52 773 136 842 ticeps
155 774 313 826 secretorum
334 771 366 841 (is
385 772 417 825 ad
435 772 568 826 tribunum
586 773 690 826 miserat
708 772 857 842 codicillos)

53 848 187 919 comperit,
201 851 319 901 metuens
331 865 363 901 ne
378 865 436 902 reus
453 848 613 912 subderetur,
623 848 702 918 juxta
717 849 858 918 periculoso

52 925 114 980 ficta
131 943 179 978 seu
197 941 258 978 vera
273 928 408 994 promeret,
426 925 525 978 monuit
544 924 644 979 Liviam
660 943 692 979 ne
709 942 800 979 areana
816 925 858 981 do-

52 1019 118 1066 mus,
129 1019 163 1054 ne
177 999 283 1054 consilia
294 1000 439 1066 amicorum,
452 1001 594 1056 ministeria
605 1001 714 1056 militum
726 1001 859 1073 uilgsren·

52 1081 105 1142 tur,
118 1095 186 1131 nere
198 1076 315 1130 'liberius
327 1077 378 1130 vim
391 1078 548 1148 principatus
563 1078 701 1133 resolveret
719 1083 812 1134 cuneta
827 1079 859 1134 ed

53 1158 175 1210 senatum
187 1151 316 1207 voeundo:
336 1171 390 1207 eam
408 1154 580 1208 conditionem
597 1173 653 1210 esse
670 1155 815 1226 imperandi,
828 1160 860 1212 ut

52 1248 106 1286 nou
119 1230 197 1284 aliter
208 1230 273 1284 ratio
287 1233 386 1284 constet
399 1249 474 1300 quam
486 1231 509 1284 si
520 1230 566 1284 uni
577 1230 706 1286 reddatur.

9 1341 10 1344 =
88 1309 127 1361 At
140 1307 232 1360 Romae
249 1323 324 1360 ruere
336 1305 363 1358 in
380 1307 512 1361 servitium
529 1307 652 1372 consules,
666 1311 759 1378 patres,
773 1315 886 1380 eques-7

53 1385 163 1444 Quanto
177 1383 235 1454 quis
247 1382 376 1447 illustrior,
390 1388 463 1438 tanto
475 1384 555 1454 magis
572 1383 629 1439 lelsi
645 1402 675 1438 so
690 1384 841 1440 festinantes
853 1395 885 1450 ;2

51 1461 183 1531 vultuque
195 1459 343 1528 composito,
356 1477 389 1514 ne
405 1459 458 1516 laeti
474 1477 580 1515 excessu
599 1461 720 1532 principis
736 1479 787 1516 neu
802 1463 861 1516 tris-

52 1538 136 1592 tiores
152 1535 300 1608 primordio,
314 1535 437 1602 lacrimas,
451 1537 579 1609 gaudium,
593 1541 700 1608 questus
717 1537 861 1593 adulatione

52 1614 206 1670 miscebant.
225 1615 283 1667 Sex.
290 1613 426 1684 Pompeius
434 1619 460 1668 et
469 1615 779 1686 Senrlpuleiusconsules
787 1614 885 1684 pn'mit

52 1691 81 1746 in
99 1690 181 1746 verba
198 1689 295 1744 Tiberii
313 1689 421 1744 cesaris
443 1691 571 1762 juravere,
589 1690 708 1761 apudque
725 1708 769 1744 eos
789 1691 861 1746 Seius

54 1767 150 1822 Strabo
164 1771 191 1820 et
204 1766 235 1820 O.
245 1766 393 1831 lbrmanius,
404 1765 445 1822 ille
458 1768 634 1838 preterieram
646 1765 788 1820 cohortium
800 1785 862 1837 prae-

52 1845 148 1909 fectus,
162 1843 206 1898 hic
223 1861 343 1909 annonse3
363 1861 423 1898 mox
439 1847 545 1898 senatus
562 1843 685 1913 milesque
702 1846 728 1897 et
744 1843 860 1914 populus.

53 1922 126 1978 Num
137 1921 258 1976 {liberius
275 1924 368 1975 cuncta
385 1938 430 1991 per
447 1920 563 1975 eonsules
575 1919 719 1990 incipiebat,
732 1924 887 1992 tamquam

52 2003 144 2055 vetere
156 2015 187 2052 re
199 1997 302 2069 publiea
314 1999 341 2051 et
359 1997 494 2068 ambiguus
506 1997 655 2068 imperandi.
692 1997 735 2052 Ne
751 1997 887 2052 edicmms

53 2075 161 2147 quidem
181 2092 232 2145 quo
250 2077 335 2144 putres
354 2074 381 2128 in
402 2074 498 2128 cumam
515 2074 630 2139 vocabat,
649 2073 700 2128 nisi
720 2074 863 2128 tribunicius

52 2151 196 2224 potestatis
218 2150 408 2221 praescriptione
427 2150 513 2221 posuit
535 2150 582 2204 sub
603 2152 723 2222 Augusto
744 2154 862 2221 aceeptus·

52 2228 144 2284 Verba
156 2227 237 2282 edicti
253 2227 325 2281 fuere
342 2245 424 2298 pauca
439 2231 466 2281 et
483 2245 561 2282 sensu
577 2226 753 2298 permodesto:
773 2226 804 2280 de
820 2227 889 2286 hos

51 2305 164 2361 neribus
184 2303 298 2374 parentis
317 2304 502 2368 consulturum,
521 2321 604 2373 neque
622 2301 757 2356 abscedere
779 2321 864 2356 ecor-

52 2401 124 2454 pore,
134 2381 215 2452 idque
227 2398 308 2434 unum
320 2398 353 2434 ex
364 2380 473 2451 publicis
485 2379 632 2434 muneribus
645 2397 777 2449 usurpare.
815 2376 864 2431 Sed
874 2381 888 2433 7

52 2459 182 2514 defuncto
201 2457 322 2526 Augusto
341 2457 443 2527 signum
461 2457 586 2527 praetoriis
605 2455 754 2508 cohortibus
772 2455 802 2504 ut
820 2453 865 2504 inu-

51 2539 161 2607 peretor
179 2532 302 2598 dederat3
321 2533 443 2596 excubiae,
457 2549 534 2594 arma,
554 2534 639 2584 cetere
656 2528 733 2590 aulse3
752 2525 823 2578 miles
840 2525 868 2574 in

53 2613 151 2675 ionum,
166 2609 241 2663 miles
253 2609 281 2662 in
293 2608 390 2662 curiam
402 2605 580 2660 comitabatur.
616 2602 732 2655 Litteras
749 2596 781 2648 acl
797 2611 866 2645 exer·
878 2605 892 2647 8

8 2699 10 2706 ‘
52 2688 122 2745 citus
135 2690 275 2756 tamquam
286 2682 379 2752 adepto
398 2680 544 2750 principatu
560 2675 638 2737 misit,
651 2683 777 2738 nusquam
794 2679 869 2718 cunct
