1960 2952
278 118 475 168 ANNALIUM
493 121 514 168 1.
535 122 635 169 loa-12.
830 119 846 164 9

5 197 6 200 =
45 180 160 229 anre]

5 269 6 274 ,
43 231 218 300 exprobraret.
257 229 379 283 Ceterum
401 231 532 302 sepultura
550 247 619 284 more
643 227 764 300 perfecta,
783 231 871 282 tem-t

5 359 6 362 ,
43 307 112 377 plum
125 309 153 360 et
166 305 281 360 caelestes
293 306 428 376 religiones
441 307 620 363 decernuntur.

5 419 6 422 =
76 383 169 436 Versae
181 382 242 436 inde
258 382 290 436 ad
304 382 433 437 liberium
449 402 545 455 preces.
582 383 617 438 Et
631 381 676 437 illc
687 381 756 436 00010
769 379 847 435 disse·
858 383 893 437 11

42 459 123 522 rebat,
145 458 178 512 de
197 458 373 529 magnitudine
396 459 504 530 imperii,
526 477 572 514 000
592 458 724 514 modestia.
763 457 873 512 11010012

43 535 96 590 divi
106 535 225 606 Augusti
241 539 353 589 mentem
370 539 449 591 tantae
464 535 537 591 molis
554 553 689 606 capacem:
709 553 736 589 se
749 533 777 589 in
792 552 848 604 par·

5 643 7 678 3
42 615 96 666 tem
109 629 231 666 curarum
243 611 275 665 ab
287 611 330 666 illo
342 616 460 666 vocatum
476 611 628 684 experiendo
641 611 759 666 didicisse
772 629 848 681 quam

43 687 162 751 arduum,
178 706 255 757 quam
268 687 411 758 subjectum
423 689 539 753 1001000,
553 688 659 760 regendi
671 693 763 742 cuncta
774 705 847 742 onus.

43 763 158 818 Proinde
174 764 321 818 incivitate
337 768 378 818 tot
393 765 535 820 illustribus
547 766 609 820 viris
626 763 736 819 subnixa
747 781 800 817 000
816 762 873 816 ada

44 857 125 894 unum
147 840 233 894 omnia
247 839 390 895 deferrent:
415 840 500 912 plures
515 841 615 897 facilius
631 840 719 896 munia
733 839 771 894 rei
787 838 849 909 pub·

43 917 100 971 licae
120 916 226 971 sociatis
247 916 376 972 laboribus
396 922 569 973 exsecuturos.
606 917 669 973 Plus
689 917 716 971 in
735 916 874 978 orationes

43 994 92 1048 tali
115 993 253 1064 dignitatis
274 1012 351 1064 quam
370 993 430 1050 fidei
450 999 521 1061 erat3
552 995 704 1066 Tiberioque
724 993 802 1048 etiam
822 993 850 1048 in

44 1069 123 1124 rebus
137 1087 202 1140 quas
214 1087 266 1123 non
277 1071 416 1135 occuleret,
430 1090 476 1126 000
491 1076 584 1126 natura
600 1073 653 1127 0100
672 1070 848 1134 adsuetudine,

45 1164 174 1217 suspensa
186 1163 286 1216 semper
298 1150 324 1200 et
339 1147 448 1201 obscura
458 1148 543 1214 verba,
556 1153 619 1203 tnnc
633 1166 694 1203 0000
706 1148 800 1201 nitenti
818 1149 849 1200 ut

45 1241 140 1278 sensus
153 1240 215 1277 suos
227 1223 330 1293 penitus
347 1223 458 1289 abderet,
476 1224 504 1278 in
517 1225 642 1280 incertum
662 1229 688 1279 et
701 1224 849 1294 ambiguum

45 1300 131 1371 magis
143 1298 346 1369 implicabantur.
383 1301 419 1355 nt
431 1303 525 1372 patres,
539 1302 630 1372 quibus
646 1319 713 1356 unus
730 1299 872 1356 00100015

45 1377 199 1446 intellegere
212 1375 365 1440 viderentur,
374 1376 523 1447 inquestus,
531 1377 653 1443 lacrimas,
661 1381 723 1432 0010
736 1375 848 1442 0110011;

5 1459 6 1462 ’
46 1453 80 1508 ad
98 1452 170 1517 deos,
191 1451 224 1506 ad
241 1452 350 1523 effigiem
367 1453 489 1523 Augusti,
509 1453 542 1508 ad
559 1473 642 1526 genua
659 1455 741 1526 ipsius
759 1471 849 1508 manua

45 1528 164 1594 tendere,
178 1545 237 1583 cum
250 1528 358 1599 proferri
369 1528 483 1584 libellum
495 1531 647 1603 recitarique
656 1531 742 1603 jussit.
780 1530 873 1600 Opcst

46 1605 159 1676 publicae
171 1604 375 1670 continebantur,
389 1609 513 1676 quantum
526 1607 618 1663 civium
635 1608 811 1677 sociorumque
823 1606 850 1660 in

47 1682 137 1746 armis,
151 1685 216 1752 quot
228 1682 328 1748 classes,
340 1700 427 1754 regna,
440 1683 584 1754 prouinciae,
597 1684 696 1739 tributa
711 1689 756 1736 aut
772 1682 850 1737 vecti·

46 1751 124 1822 galia,
144 1755 171 1805 01
189 1752 354 1806 necessitates
373 1769 402 1806 00
419 1752 575 1824 largitiones.
612 1753 678 1812 Qua
695 1755 788 1806 cuncta
805 1759 874 1811 0007

47 1845 129 1882 manu
150 1827 334 1898 perscripserat
355 1829 499 1899 Augustus,
519 1828 700 1900 addideratque
719 1827 851 1884 consilium

48 1903 188 2034 mtrqpndi
198 1902 267 1958 10100
278 1904 400 1972 terminos
416 1906 523 1978 imperii,
536 1907 663 1962 incertum
678 1909 750 1962 metu
761 1925 794 1962 an
805 1925 852 1978 per

49 1999 106 2036 1001
135 1999 185 2034 am.

85 2057 163 2112 Inter
182 2075 239 2126 qnae
260 2060 351 2112 senatu
369 2059 401 2114 ad
418 2060 517 2115 infimas
535 2060 720 2116 obtestationes
738 2069 900 2132 procum-12

5 2179 6 2182 ,
48 2135 139 2200 bente,
152 2134 219 2189 dixit
237 2135 304 2190 forte
322 2136 439 2192 'liberius
458 2156 493 2203 se,
506 2143 537 2194 01
554 2157 607 2194 000
624 2139 674 2194 1011
692 2137 730 2193 001
746 2138 854 2209 publicas

49 2231 149 2284 parem,
162 2212 208 2277 ita,
222 2231 389 2284 quaecumque
400 2233 460 2284 pers
472 2215 521 2270 sibi
533 2215 705 2280 mandaretur,
719 2215 774 2287 ejus
787 2219 855 2270 1010-

50 2290 103 2346 lam
122 2293 312 2360 suscepturum.
349 2291 415 2346 Tum
431 2292 536 2348 Asinius
554 2293 649 2359 Gallus,
669 2293 880 2362 “Interr0g0,’'2

50 2366 146 2438 inquit,
162 2367 281 2432 “Caesar,
301 2385 378 2438 quam
392 2373 490 2440 partem
505 2370 543 2424 rei
559 2370 666 2441 publicae
681 2370 796 2424 mandari
809 2369 858 2423 tibi

51 2445 144 2501 velis.”
183 2444 322 2500 Perculsus
335 2445 473 2516 improvisa
488 2447 688 2518 interrogatione
705 2446 808 2516 paulum
822 2463 883 2505 res

52 2522 147 2577 tinuit:
168 2520 229 2575 dein
246 2521 353 2576 collecto
365 2523 450 2576 animo
462 2523 602 2593 respondit,
615 2537 775 2590 nequaquam
789 2519 861 2570 deco·

53 2619 111 2656 rum
122 2597 219 2671 pudori
230 2617 279 2653 suc
295 2599 382 2670 legare
399 2599 495 2668 aliquid
513 2602 558 2652 001
577 2599 673 2652 0011000
690 2613 723 2648 ax
739 2609 769 2645 eo
782 2590 863 2671 euiflin

53 2677 206 2734 0010000οι0
230 2675 348 2731 excusari
372 2674 467 2729 mallet.
504 2674 620 2728 Rursum
644 2667 732 2722 Gallus
758 2659 889 2730 (etemmt
