1866 2944
87 83 134 130 las
445 77 564 130 raom

728 140 885 184 ninom.

33 221 35 226 ·
85 199 135 254 huc
147 199 297 270 arrogantiae
308 201 421 264 venerat,
439 202 470 254 ut
484 199 584 271 legatos
598 197 631 254 ad
648 142 783 276 Tibehum
795 198 887 252 mitte-

30 273 33 281 “
84 279 132 340 ret,
146 274 281 346 sedemque
293 274 362 328 ultro
374 274 424 330 sibi
435 279 512 346 atque
524 273 648 330 exercitui
663 292 711 328 suo
728 274 885 344 postularet,

61 355 130 407 2aut
141 351 235 406 bellum
247 350 422 422 inexplicabile
434 351 603 405 minitaretur.
639 350 702 405 Non
719 350 784 405 alis-s
802 350 886 421 magis

85 445 132 482 sua
143 428 280 499 populique
298 427 408 482 Romani
425 427 579 482 contumelia
592 425 733 482 indoluisse
751 427 887 481 Caesarem

85 503 179 568 ferunt,
204 522 280 574 quam
304 503 373 574 quod
395 502 511 558 desertor
528 505 555 558 et
573 502 659 572 praedo
677 502 796 557 hostium
814 521 887 558 mora

63 583 180 651 angeret.
216 579 259 634 Ne
272 580 393 651 Spartaco
406 578 507 650 quidem
519 582 578 649 post
594 583 634 632 tot
651 579 827 633 consularium
843 597 888 634 ex·

86 657 211 712 ercituum
241 655 325 710 clades
349 653 456 710 inultam
483 654 585 708 Italiam
612 655 705 719 urenti,
736 673 887 726 qumquam

87 732 193 788 Sertorii
204 735 281 802 atque
293 729 452 786 Mithridatis
469 731 615 802 ingentibus
633 730 706 785 bellis
723 730 826 785 labaret
843 749 886 786 res

86 809 193 880 publica,
211 807 300 862 datum
316 812 346 862 nt
358 811 433 878 pacto
448 807 477 861 in
492 808 567 862 fidem
584 807 758 878 acciperetur:
780 807 885 873 nedum,

87 885 255 957 pulcheirimo
275 885 363 955 populi
385 883 495 938 Romani
515 882 626 953 fastigio,
647 881 713 937 latro
734 882 886 940 Tacfarinas

63 974 149 1032 ⁴space
165 965 192 1016 et
208 961 369 1016 concessione
388 977 507 1030 agrorum
524 959 697 1014 redimeretur.
735 959 793 1014 Dat
809 978 887 1032 nego

87 1039 153 1092 tium
168 1037 260 1102 Blaeso,
282 1041 381 1092 ceteros
399 1035 502 1107 quidem
520 1035 552 1092 ad
569 1053 640 1106 spem
658 1035 798 1106 proliceret
816 1054 888 1090 arms

88 1116 142 1170 sinc
160 1133 226 1169 noua
242 1113 360 1186 ponendi,
379 1113 459 1184 ipsius
480 1117 566 1168 autern
587 1112 660 1168 ducis
680 1131 788 1184 quoquo
809 1113 886 1170 modo

65 1196 227 1263 apoteretur.
263 1191 298 1245 Et
311 1190 450 1260 receptisa
465 1189 540 1244 venia
555 1189 676 1260 plerique.
713 1189 782 1244 Mox
799 1189 886 1246 adver·

89 1287 146 1323 sum
164 1273 231 1323 artes
251 1265 418 1322 Tacfarinatis
439 1266 508 1322 haud
526 1265 641 1320 dissimili
658 1265 734 1321 modo
750 1265 888 1339 belligen-

44 1346 152 1402 74tum.
189 1347 256 1400 Nam
276 1345 335 1416 quia
352 1345 394 1399 ille
412 1343 502 1398 robore
523 1344 650 1398 exercitus
670 1343 761 1414 impar,
783 1343 887 1400 furandi

89 1422 184 1488 melior,
209 1422 294 1493 plures
318 1439 365 1492 per
387 1420 477 1492 globos
500 1420 642 1475 incursaret
660 1419 839 1492 eluderetque,
861 1423 885 1476 et

90 1499 194 1553 insidias
212 1498 288 1554 simul
304 1500 424 1562 tentaret,
444 1501 497 1552 tres
516 1497 639 1562 incessus,
656 1495 766 1551 totidem
785 1498 887 1568 sgnum

67 1578 219 1647 aparantur.
254 1575 296 1629 Ex
314 1574 370 1645 quis
393 1573 525 1628 Cornelius
547 1573 631 1642 Scipio
651 1573 752 1643 legatus
773 1573 885 1644 praefuit,

91 1671 141 1723 qna
159 1651 280 1723 praedatio
297 1651 325 1704 in
341 1650 493 1720 Leptitanos
512 1653 539 1704 ct
555 1649 666 1721 suffugia
683 1649 886 1714 Garamantum

91 1728 139 1783 alio
162 1729 249 1792 latere,
273 1746 306 1781 ne
331 1727 486 1780 Cirtensium
506 1726 568 1797 pagi
587 1726 690 1796 impune
711 1725 886 1792 traherentur,

67 1805 218 1875 apropriam
241 1821 344 1858 manum
367 1802 467 1857 Blesus
490 1802 557 1856 filins
581 1801 664 1856 duxit.
711 1801 807 1857 Medio
830 1819 887 1857 cum

72 1933 75 1938 .
91 1879 203 1945 delectis,
217 1880 321 1935 castella
332 1882 359 1933 et
378 1879 532 1932 munitiones
551 1877 648 1932 idoneis
663 1877 726 1932 locis
742 1877 885 1948 imponens,

91 1955 143 2012 dux
155 1957 209 2027 ipse
221 1960 291 2010 arcta
303 1959 330 2009 et
341 1954 441 2010 infensa
452 1953 569 2010 hostibus
581 1956 674 2008 cuncta
685 1953 802 2020 fecerat;
822 1955 885 2025 quin

92 2050 192 2103 quoquo
209 2032 366 2096 inclinarent,
386 2049 444 2102 pars
461 2030 545 2101 aliqua
561 2030 649 2084 militis
666 2030 780 2084 Romani
797 2031 828 2085 in
838 2047 885 2094 ora,

90 2108 118 2162 in
129 2109 215 2173 latere,
229 2113 256 2163 et
267 2126 334 2178 saepe
346 2126 362 2162 a
372 2111 446 2178 tergo
458 2111 528 2173 erat;
547 2106 673 2177 multique
686 2123 717 2160 eo
733 2106 817 2161 modo
833 2104 886 2162 cad

68 2191 136 2236 saut
153 2184 326 2237 cheumventi.
375 2183 447 2238 'lime
465 2183 622 2253 tripertitum
639 2183 786 2237 exercitum
805 2183 885 2255 plum

91 2256 119 2308 in
135 2274 225 2308 manus
243 2257 374 2327 dispergit,
397 2259 571 2328 praeponitque
595 2258 757 2313 centuriones
784 2257 886 2314 virtutis

67 2332 209 2411 despertae.
245 2330 310 2394 Nec,
334 2336 365 2384 ut
389 2351 444 2386 mos
468 2333 561 2398 fuerat,
587 2338 645 2389 acta
668 2337 760 2388 aestate
781 2333 885 2390 recall

91 2414 175 2464 copias
191 2402 278 2482 autin
294 2404 464 2460 hibernaculis
482 2409 576 2462 veteris
593 2409 730 2478 provinciae
747 2410 884 2481 componit

91 2469 136 2520 sed
147 2474 177 2552 ut
188 2488 216 2522 m
224 2472 313 2555 limine
324 2476 391 2541 belli,
406 2480 536 2550 dispositis
552 2473 672 2548 castellis,
691 2503 739 2554 per
754 2487 886 2557 expeditas

90 2541 117 2590 et
129 2540 292 2597 sohtudmum
306 2566 400 2615 gnaros
415 2559 560 2612 mutantem
574 2559 685 2629 mapalia
700 2560 887 2617 Tantumne

90 2612 271 2696 proturbabat3
296 2619 376 2675 donec
399 2626 480 2682 fratre
502 2631 558 2700 ejus
580 2639 656 2704 capto
681 2653 824 2707 regressus
847 2639 883 2698 est

90 2687 262 2741 ‘'¹⁰⁹⁶‘th
274 2692 360 2744 ΜΨ
371 2713 447 2763 quam
467 2720 500 2756 ex
511 2707 625 2764 utilitate
641 2711 784 2778 sociorum.
800 2709 883 2770 rdicdr
