1960 2952
260 155 456 204 ANNALIUM
475 156 497 205 1.
516 159 617 204 12-15
807 161 834 208 ll

33 219 58 256 A.
68 218 93 256 ι.
105 217 150 264 ιι]

33 217 189 335 deprecairdi
202 282 280 320 causa
290 265 419 320 Palatium
433 266 564 322 introisset
581 266 785 338 ambulantisque
797 266 838 324 li·

33 342 95 399 berii
108 359 197 412 genus
213 340 358 396 advolveret
347 347 398 406 t,ur
411 359 490 412 prope
502 359 517 396 a
528 342 652 398 militibus
664 342 836 410 interiectum,

33 419 92 488 quia
102 418 223 472 liberius
234 436 295 472 casu
305 436 338 471 an
345 418 493 472 manibus'
471 437 527 488 epus
536 418 643 488 impedit
643 437 674 474 us
683 420 836 490 prociderat.
923 468 927 477 .

32 495 126 566 Neque
145 499 234 548 tamen
255 493 367 564 periculo
385 494 446 549 talis
469 494 517 548 viri
535 495 670 566 mitigatus
690 500 738 561 est,
757 496 837 553 donec

32 571 161 626 Haterius
173 572 321 642 Augustam
330 574 414 626 oraret
427 571 534 642 ejusque
543 572 709 628 curatissimis
718 573 836 644 precibus

31 650 223 718 protegeretur.

67 725 157 780 Multa
169 730 273 794 patrum
289 727 316 778 et
328 723 355 778 in
366 725 512 794 Augustam
526 723 645 780 adulatio.
676 725 729 780 Alii
741 727 835 782 Parca·
845 728 882 784 14

31 806 90 866 tem,
110 800 156 855 alii
173 803 282 854 Matrem
299 803 391 869 patira
412 801 594 871 appellandam,
614 800 727 871 plerique
745 805 775 856 ut
792 805 857 858 ιιι-2

31 877 94 931 mini
107 877 219 932 Caesaris
234 876 421 931 adscriberetur
433 879 511 931 Jalicc
517 880 594 946 filias
606 875 751 932 censebant.
788 877 858 933 Illet

31 953 202 1008 moderandos
221 952 373 1008 feminarum
388 953 497 1008 honores
514 953 643 1017 dictitans,
656 952 795 1024 eademque
807 973 835 1010 se

30 1031 203 1100 temperantia
219 1048 326 1084 usurum
341 1029 369 1084 in
384 1030 416 1084 iis
435 1048 491 1098 quae
508 1030 557 1085 sibi
573 1030 755 1096 tribuerentur,
768 1036 834 1086 cete·

30 1125 88 1160 rum
107 1105 201 1160 anxius
219 1105 320 1170 invidia,
339 1109 365 1160 et
384 1105 506 1162 muliebre
527 1106 659 1177 fastigium
675 1107 703 1162 in
721 1106 834 1164 deminu-

29 1183 129 1238 tionem
152 1182 194 1236 sui
215 1182 348 1252 accipiens,
370 1200 402 1236 ne
423 1182 540 1236 lictorem
560 1182 662 1253 quidem
683 1183 707 1237 ei
731 1183 834 1240 decerni

29 1277 124 1330 passus
150 1262 199 1324 est,
224 1276 344 1328 mamque
368 1257 511 1328 adoptionis
535 1262 562 1314 et
586 1259 635 1314 alia
658 1259 834 1330 hujuscemodi

29 1335 173 1406 probibuit.
211 1336 248 1390 At
270 1335 421 1390 Germanico
443 1335 538 1390 Cesari
556 1336 735 1407 proconsulare
755 1337 855 1408 impe-l

28 1413 97 1466 rium
116 1411 210 1483 petivit
218 1435 226 1478 ;
245 1412 366 1482 missique
381 1412 461 1483 legati
477 1413 521 1482 qui
537 1411 672 1477 deterrent,
686 1412 762 1468 siruul
774 1431 832 1468 me·

1 1535 2 1541 ,
28 1490 130 1545 ιιιιιιιιι
151 1490 207 1560 ejus
232 1489 265 1544 ob
289 1508 422 1544 excessum
446 1490 561 1559 Augusti
584 1490 734 1546 solarentur.
771 1491 853 1551 Quos

28 1569 116 1622 minus
141 1567 210 1621 idem
234 1585 281 1637 pro
302 1567 390 1621 Druso
411 1566 591 1636 postularetur,
613 1585 643 1622 ea
663 1585 740 1623 causa
763 1569 832 1638 quod

28 1642 183 1714 designatus
195 1643 284 1698 consul
295 1644 397 1698 Drusus
406 1662 567 1714 praesensque
576 1648 639 1699 crat.
676 1643 852 1700 Candidstosd

27 1725 150 1791 praeturae
172 1719 306 1775 duodecim
327 1720 474 1784 nominavit,
497 1739 630 1776 numerum
656 1719 687 1775 ab
710 1722 831 1790 Augusto

27 1797 173 1862 traditum
192 1800 219 1851 et
237 1796 356 1850 hortante
371 1799 462 1850 senatu
478 1800 509 1851 ut
527 1799 640 1868 augeret,
650 1795 708 1866 jure
721 1795 831 1866 jurando

27 1873 170 1928 obstrinxit
182 1891 210 1927 se
222 1891 274 1928 non
286 1891 457 1928 excessumm.

63 1952 131 2006 'l'urn
153 1950 264 2020 prunum
283 1968 298 2004 e
319 1968 408 2020 campo
427 1949 530 2004 comitia
549 1948 581 2004 ad
601 1953 686 2020 patros
705 1948 873 2008 translatalb

27 2031 107 2082 sunt:
127 2045 189 2081 nam
206 2025 239 2082 ad
257 2045 313 2080 eam
329 2025 403 2091 diem,
423 2026 474 2081 etsi
489 2026 623 2095 potissima
640 2026 744 2082 arbitrio
762 2028 828 2098 prin-

27 2105 100 2175 cipis,
119 2102 236 2174 quedam
253 2106 340 2158 tamen
357 2102 449 2158 studiis
465 2102 579 2158 tribuum
597 2103 699 2158 fiebant.
736 2103 851 2175 Nequer

26 2180 139 2252 populus
152 2179 300 2250 ademptum
312 2179 356 2251 jus
368 2183 474 2250 questus
487 2183 526 2234 est
538 2179 587 2234 nisi
600 2179 668 2234 inani
679 2199 788 2246 rumore,
801 2183 828 2236 et

26 2261 141 2321 senatus,
155 2255 334 2327 largitionibus
347 2274 376 2310 ac
388 2255 505 2325 precibus
522 2255 630 2310 sordidis
647 2257 786 2321 exsolutus,
799 2257 828 2312 li-

26 2332 89 2388 bens
110 2332 203 2397 tenuit,
226 2331 374 2386 moderante
392 2331 494 2386 liberio
511 2350 544 2386 ne
558 2331 644 2402 plures
659 2351 735 2402 quam
756 2336 828 2403 quat·

25 2413 86 2464 tuor
108 2374 258 2464 candidatos
280 2407 474 2474 commendaret,
495 2408 549 2464 sine
568 2407 669 2478 repulsa
687 2413 713 2463 e
701 2408 828 2464 tambitn

26 2484 207 2558 designandos.
244 2484 289 2538 Int
277 2488 318 2538 ter
332 2484 498 2554 quastribuni
509 2483 592 2556 plebei
604 2484 716 2553 petivere
728 2487 758 2538 ut
770 2495 848 2553 pro-3

26 2563 82 2632 prio
94 2564 203 2632 sumptu
215 2560 320 2615 ederent
332 2560 414 2625 ludos,
428 2559 516 2630 quide
528 2559 631 2612 nomine
648 2559 762 2627 Augusti
777 2557 827 2610 fas·

25 2639 61 2694 tis
72 2638 156 2694 additi
168 2639 322 2707 Aspastcles
333 2640 488 2692 vocarentur
489 2635 582 2688 Sed
599 2633 701 2686 decreta
720 2629 850 2698 pecunias

26 2733 58 2773 cs
78 2715 177 2781 erario,
195 2717 278 2784 utque
291 2731 338 2783 per
351 2713 448 2768 circum
468 2677 617 2777 tiiumphcli
636 2707 709 2758 veste
726 2705 827 2754 niffen*
