1936 2968
20 131 22 200 [
37 157 127 207 um,
137 163 182 211 m]
212 104 405 154 ANNALIUM
422 105 492 154 XIV.
506 105 606 154 17—21.
767 103 814 152 818

37 213 125 264 structa
148 212 221 267 ludos
244 215 287 270 edi
310 215 416 278 solitos3
433 216 474 270 vel
497 215 519 270 ai
542 213 684 268 vetustiora
706 215 815 280 repetas,

35 289 136 342 stantem
152 289 274 360 populum
290 291 450 361 spectavisse,
462 308 495 344 ne
511 290 533 346 si
548 289 697 353 consideret,
714 288 816 342 theatro

36 359 82 416 dies
93 369 162 420 totos
173 365 274 436 ignaria
290 367 457 422 continuaret.
495 365 700 436 Spectaculorum
713 363 839 434 quideme

35 439 165 510 antiquitas
177 445 328 507 servaretur,
348 444 465 513 quotiens
482 445 602 512 pretores
618 440 730 508 ederent,
747 439 817 496 nulla

35 515 146 585 eaiqnam
158 518 250 572 civium
262 519 412 574 necessitate
421 517 541 574 armandi.
578 517 697 572 (letarum
710 517 838 572 abohmss

34 591 147 658 paulatim
158 593 256 662 patrios
267 613 350 650 mores
362 593 478 648 funditus
494 593 576 648 everti
591 610 637 662 per
648 593 754 648 assitam
767 592 817 648 las·

34 665 130 733 ririam3
148 672 180 722 nt
192 669 259 738 quod
271 687 377 739 usquam
387 669 514 739 cormmpi
523 672 719 739 etcorrumpere
732 671 816 747 queat,

34 740 126 798 hurbe
137 744 244 809 visatur,
257 743 445 815 degeneretque
462 743 553 799 studiis
565 744 676 798 externis
687 745 815 815 juventus,

34 819 157 888 gymnasia
168 823 196 874 et
213 819 266 874 otia
277 825 303 874 et
320 825 408 892 turpes
425 837 522 874 amores
539 818 686 884 exercendo,
705 820 817 891 principe

33 897 56 950 ct
76 899 167 950 senatu
190 895 344 960 auctoribus,
370 895 414 965 qui
435 913 488 950 uon
507 895 581 950 modo
601 895 728 950 licentiam
749 897 817 952 vitiis

32 971 193 1038 permiserint,
208 971 253 1026 sed
264 972 316 1026 rim
331 971 484 1036 adhibeant;
502 989 618 1042 proceres
637 971 745 1026 Romani
762 991 818 1043 spe-

31 1044 66 1100 cie
86 1046 230 1102 orationum
255 1050 282 1101 et
305 1047 443 1102 carminum
462 1064 538 1102 scena
559 1047 712 1118 polluantur.
749 1048 839 1108 Quida

32 1137 165 1192 superesse,
191 1123 242 1178 nisi
264 1126 295 1177 ut
315 1140 421 1192 corpora
442 1139 542 1192 qnoque
562 1122 659 1178 nudent
679 1127 706 1178 et
726 1129 818 1179 cestus

31 1202 162 1264 summe
179 1217 276 1268 easque
291 1217 390 1270 pugnas
406 1216 453 1268 pro
465 1198 555 1254 militia
566 1203 593 1254 et
609 1199 685 1254 armis
697 1199 819 1256 mediten-

31 1275 87 1328 tur?
103 1277 147 1330 An
164 1274 288 1345 †justitia
306 1277 364 1344 (jus
386 1278 479 1330 arritum
492 1275 515 1344 l)
539 1276 638 1346 augurii
661 1279 687 1330 et
706 1274 842 1338 decurias?

31 1351 139 1418 equitum
155 1351 291 1422 egregium
303 1349 433 1422 judicandi
449 1369 541 1406 munus
557 1351 710 1421 expleturos,
723 1353 745 1406 si
757 1353 819 1408 lrao

31 1427 149 1482 tassonos
159 1431 189 1482 et
199 1426 357 1482 dulcedinem
365 1445 457 1482 vocum
465 1426 547 1498 perite
555 1427 704 1482 audissent?
722 1428 841 1487 Noctess
931 1413 946 1458 l

28 1515 124 1574 qaoque
136 1503 259 1559 dedecori
270 1503 388 1575 adjectas,
405 1521 437 1558 ne
450 1502 519 1574 quod
529 1507 630 1574 tempus
643 1503 735 1574 pudori
746 1504 819 1558 relin-

30 1577 125 1648 quatur,
138 1579 190 1636 sed
201 1583 270 1636 ooetu
284 1580 417 1650 promisco,
430 1578 499 1649 quod
513 1578 701 1650 perditissimus
714 1579 820 1650 quisque

20 1656 150 1722 ‘perdiem
168 1655 351 1726 concupiverit,
368 1673 414 1725 per
430 1655 547 1710 tenebras
563 1655 662 1710 audeat.
698 1655 861 1718 Pluribrmbl

29 1729 80 1800 ipsa
90 1732 199 1791 lieentia
209 1731 332 1802 placebat,
345 1749 375 1786 ac
386 1735 473 1786 tamen
483 1731 590 1786 honesta
601 1730 703 1786 nomina
714 1735 820 1800 praten·

27 1804 126 1864 debant.
166 1809 281 1879 Majores
299 1825 400 1879 quoque
416 1826 469 1864 non
486 1807 646 1864 abhorruisse
664 1808 843 1878 spectaculo-2

28 1900 80 1938 mm
94 1885 291 1942 oblectamentis
306 1902 352 1955 pro
369 1883 472 1940 fortuna
489 1901 545 1954 quae
560 1887 617 1938 tum
633 1888 694 1948 erat,
712 1902 791 1954 eoque
807 1902 823 1938 a

28 1957 114 2018 luscis
127 1961 227 2017 accitos
238 1960 380 2025 histriones,
394 1978 409 2013 a
420 1959 521 2014 Thuriis
533 1977 655 2031 equorum
667 1961 822 2026 oertarnina3

29 2039 54 2093 et
80 2055 204 2108 possessa
233 2036 329 2092 Achaia
357 2037 469 2106 Asiaque
496 2035 569 2090 ludos
590 2035 702 2090 curatius
731 2035 820 2101 editos,

28 2127 73 2168 uec
84 2130 241 2184 quemquam
253 2113 342 2170 Rome
353 2112 461 2168 honesto
476 2110 532 2166 loco
544 2115 629 2166 ortum
641 2111 674 2166 ad
685 2111 822 2166 theatrales

29 2191 94 2245 aas
112 2188 315 2260 degeneravisse,
335 2187 451 2244 ducentis
465 2186 519 2257 jam
537 2186 609 2242 aunis
625 2205 640 2240 a
657 2187 688 2243 L
703 2187 822 2243 Mummii

28 2264 169 2336 triumpho,
183 2264 227 2334 qui
238 2264 335 2334 primus
347 2263 373 2318 id
384 2281 466 2334 genus
482 2262 620 2333 spectaculi
636 2263 663 2318 in
680 2263 743 2320 urbe
760 2283 822 2334 praa·

28 2337 120 2396 buerit.
161 2339 212 2396 Sed
228 2344 254 2394 et
270 2339 414 2394 consultum
430 2338 596 2408 parsimonia,
616 2339 684 2409 quod
701 2343 843 2410 perpetuas

30 2415 101 2478 sedes
112 2417 218 2472 theatro
229 2416 312 2470 locata
328 2415 369 2480 sit,
387 2415 562 2485 potiusquam
577 2414 700 2472 immenso
718 2419 823 2484 sumptu

30 2492 144 2564 singulos
169 2510 216 2562 per
238 2509 316 2546 annos
340 2493 505 2560 consurgeret
525 2507 555 2546 ao
578 2494 728 2546 strueretur.
765 2490 845 2549 Neo4

29 2569 134 2638 perinde
159 2569 323 2638 magistratus
347 2585 401 2620 rem
418 2566 565 2620 familiarem
583 2567 758 2624 exhausturos,
778 2572 822 2616 aut

30 2646 124 2717 populo
142 2643 299 2714 efflagitandi
317 2644 406 2700 (arses
428 2639 614 2706 certamimis
630 2635 822 2703 magistratibrm

911 2721 947 2768 ΔΙ
