1860 2956
82 139 145 188 260.
421 136 543 186 ΤΔΟΙΤῙ

715 195 752 245 [Δ.
761 195 792 236 U.
802 197 824 236 0.
834 195 880 236 aa&

34 249 226 320 53paupertati
246 247 391 320 adjicerent.
428 247 502 302 Inter
520 265 577 319 qus
593 245 672 301 refert
688 245 723 300 ad
742 249 830 316 patres
846 245 881 300 de

82 343 156 395 poena
167 325 318 380 feminarum
330 342 387 394 quae
399 323 480 378 serris
492 323 707 394 conjungerentur
717 342 725 388 ;
743 323 881 376 statuitur-

82 420 138 472 que,
152 405 189 466 ut,
202 401 291 472 ignaro
303 400 405 456 domiuo
417 399 488 455 adid
505 399 637 472 prolapsae,
649 399 677 453 in
691 399 826 464 servitute,
839 399 882 452 sin

58 478 258 542 uconsensisset,
275 495 322 548 pro
341 477 448 541 libertis,
465 476 628 531 haberentur.
665 475 785 541 Pallanti,
804 493 883 546 quom

81 557 236 624 repertorem
248 555 303 625 ejus
315 553 444 609 relationis
463 553 577 608 ediderat
594 552 686 617 Oaesar,
703 553 825 623 praetoria
841 552 883 606 in-

81 630 164 701 signis
175 635 201 686 ct
214 631 310 686 centies
327 630 494 701 quinquagies
506 630 654 684 sestertium
671 629 772 684 censuit
790 631 884 684 consul

45 707 229 779 ·3designatua
249 708 333 762 Barea
351 707 471 762 Soranus.
507 705 632 760 Additum
648 724 665 759 a
681 705 801 776 Scipione
819 706 883 761 Cor-

81 784 147 838 nelio
172 789 256 856 grates
280 783 381 854 publice
405 783 523 854 agendm,
550 782 617 854 quod
637 781 741 852 regibus
762 783 883 838 Arcadia

82 865 154 916 ortus
167 861 327 916 veterrimam
339 859 499 915 nobilitatem
511 859 579 926 usui,
584 858 685 929 publico
703 862 883 930 postponeret,

58 947 160 1008 deeque
183 938 251 992 iuter
274 937 403 991 ministros
427 935 548 1005 principis
571 934 659 988 haberi
682 935 788 990 sineret.
834 939 884 990 Aa

82 1014 208 1069 sereravit
226 1013 348 1068 Claudius
367 1015 517 1067 contentum
534 1011 631 1066 honore
648 1009 796 1064 Pallantem
813 1011 885 1066 intra

58 1089 193 1160 apriorcm
217 1093 393 1160 paupertatem
417 1087 564 1142 subsistere.
602 1087 636 1141 ut
659 1085 739 1140 fixum
765 1090 809 1142 est
834 1107 884 1144 aem

81 1164 182 1235 publico
195 1169 299 1220 senatus
316 1163 468 1228 consultum,
491 1181 542 1234 quo
558 1161 692 1218 libertinus
709 1163 828 1219 sestertii
843 1169 885 1220 ter

81 1241 171 1296 millies
184 1260 315 1312 possessor
327 1241 438 1311 antiquae
453 1240 613 1310 parsimonia
631 1238 752 1295 laudibus
770 1242 884 1296 mmrrla

81 1316 166 1371 batur.

35 1403 74 1455 54
117 1394 153 1447 At
165 1411 217 1448 non
235 1394 315 1448 frater
332 1385 400 1464 ejus,¹
413 1395 581 1464 cognomento
598 1391 678 1456 Felix,
694 1392 752 1462 pari
768 1393 884 1450 modara-

81 1470 152 1525 tione
173 1471 272 1542 agebat,
291 1471 345 1542 jam
365 1469 462 1541 pridem
480 1455 577 1524 Judmas
593 1469 727 1540 impositus
744 1473 774 1526 et
790 1475 884 1526 mmetn

82 1546 216 1602 malefacta
239 1546 289 1601 sibi
311 1547 414 1616 impune
438 1557 509 1600 ratus
532 1548 606 1599 tanta
624 1545 742 1616 potentia
764 1546 883 1603 subnixo.

60 1624 149 1679 nsane
166 1623 325 1693 praebuerant
341 1622 425 1677 Judaai
442 1622 551 1693 speeiem
567 1625 653 1676 motus
670 1624 728 1676 orta
746 1623 882 1690 seditione,

82 1701 101 1738 ⁵
112 1700 129 1738 *
141 1700 158 1738 *
170 1699 187 1737 *
199 1703 334 1770 postquam
355 1698 458 1769 cognita
475 1697 543 1752 caede
561 1697 617 1768 ejus
637 1699 723 1764 (eati)
748 1698 823 1754 haud
843 1700 884 1756 ob

82 1779 252 1848 temperatum
273 1778 348 1839 esset,
368 1772 489 1828 'manebat
508 1778 642 1828 metusne
660 1773 716 1844 quis
736 1775 884 1847 principum

58 1866 72 1911 8
83 1853 170 1908 eadem
182 1852 347 1922 imperitaret.
384 1850 472 1920 Atque
483 1850 589 1904 interim
600 1848 674 1904 Felix
689 1850 884 1921 intempestivis

83 1929 199 1984 remediis
218 1927 310 1982 delicta
327 1926 487 1990 ascendebat,
506 1926 596 1980 aemulo
612 1925 646 1980 ad
659 1924 804 1982 deterrima
819 1930 884 1984 Ven-

82 2004 146 2059 tidio
162 2004 284 2068 Cumano,
304 2003 346 2058 cui
363 2020 422 2072 pars
440 2003 576 2073 provinciae
591 2002 751 2070 habebatur3
770 2005 813 2060 its
827 2006 885 2060 diri-

83 2081 117 2135 sis
130 2085 160 2135 ut
171 2081 231 2135 huic
244 2079 404 2135 Galilaeorum
416 2080 494 2144 natio,
508 2079 587 2134 Felici
602 2080 736 2134 Samaritoe
755 2087 882 2152 parerent,

83 2155 210 2212 discordes
234 2156 293 2211 olim
317 2159 344 2211 et
369 2158 425 2209 tum
449 2159 599 2227 contemptu
621 2155 771 2227 regentium
803 2160 883 2214 minus

57 2233 199 2288 ⁴lcoiiroitis
220 2232 292 2287 odiis.
328 2231 415 2303 Igitur
434 2236 536 2303 raptare
552 2233 619 2287 inter
638 2250 673 2296 se,
690 2231 838 2291 immittere
853 2235 883 2290 ln

82 2314 185 2363 tronum
197 2309 293 2379 globos,
307 2326 456 2379 componere
468 2307 581 2373 insidias,
596 2311 622 2362 et
636 2307 776 2378 aliquando
794 2311 886 2382 preliis

83 2382 209 2452 congredi,
222 2383 351 2452 spoliaque
369 2387 395 2438 et
414 2384 511 2453 praedas
529 2383 561 2438 ad
579 2387 763 2454 procuratores
781 2387 881 2444 referre

58 2456 170 2524 5Hique
182 2457 263 2525 primo
275 2457 371 2522 laetari3
390 2476 450 2513 mox
465 2459 589 2529 gliscente
606 2460 721 2530 pernicie
738 2480 802 2518 oum
819 2477 881 2519 arms

82 2531 191 2582 militum
207 2530 402 2598 interjecissent,
420 2535 480 2588 oaasi
496 2535 598 2590 milites.
634 2536 811 2610 Arsissetque
822 2539 880 2595 bello

57 2603 217 2670 6provincia,
230 2603 258 2656 ni
271 2604 418 2660 Quadratus
432 2609 512 2678 Syriae
524 2615 609 2665 rector
617 2611 795 2669 subvenisset.
831 2615 881 2670 Nea

82 2677 125 2728 diu
145 2677 264 2730 adversus
282 2677 393 2745 Judaeos‚
411 2684 455 2750 qui
472 2685 500 2738 in
520 2704 609 2741 necem
629 2687 747 2744 militum
763 2707 883 2764 prorupe,
