2030 3000
40 178 64 214 L
76 176 95 215 n
113 175 160 224 u]
243 111 440 160 ANNALIUM
456 111 520 162 XII.
538 112 642 160 4145.
794 114 842 162 ²36

8 231 9 244 ¹
40 231 101 289 tate,
125 228 154 279 et
178 223 305 278 modestia
324 222 424 287 hiemis,
444 222 522 278 rebus
542 222 663 278 extrerms
680 221 841 278 subventum.

40 303 75 355 nt
87 301 207 356 Hercule
219 300 281 355 olim
293 299 372 354 Italia
383 299 524 371 legionibus
540 299 691 370 longinquas
703 299 730 353 in
742 299 868 370 provin-4

41 377 91 432 cias
113 381 276 432 commeatus
296 375 433 446 portabat;
450 394 498 430 nec
515 391 584 432 nuno
605 375 791 430 infecunditate
807 375 842 430 ln-

40 453 154 509 boratur.
195 453 246 509 Sed
261 453 376 508 Africam
389 452 477 523 potius
489 456 516 508 et
528 453 671 524 AEgyptum
686 460 867 518 exercemuqt

8 585 10 590 ,
41 531 202 601 navibusque
215 534 242 585 et
255 529 356 585 casibus
367 530 422 584 vita
432 529 520 600 popuii
535 529 647 584 Romam
657 529 782 599 permissa
792 535 840 586 est.

74 607 175 662 Eodem
189 624 256 662 auno
272 606 368 662 bellum
379 607 446 660 inter
461 605 596 660 Armenios
612 605 753 676 Iberosque
770 624 840 661 exor·
849 609 888 662 44

41 687 103 749 tum,
121 684 230 738 Parthis
247 701 349 754 quoque
368 701 397 738 ae
412 682 536 738 Remmia
552 682 759 753 gravissimorum
773 683 841 738 inter

42 779 68 814 se
87 765 208 815 motuum
232 777 309 815 causa
329 759 387 814 fuit.
425 759 503 814 Genti
523 759 677 814 Parthorum
699 759 864 830 Vologesen

41 836 213 907 imperitabat,
226 839 342 892 materna
352 836 450 907 origine
462 854 496 890 ex
508 834 598 906 pellioa
611 836 705 900 areos,
719 852 841 891 concessu

42 912 149 970 fratrum
161 929 272 983 regnum
287 912 412 982 adeptua3
431 911 522 966 Iberos
537 910 722 966 Pharasmanes
738 915 840 966 vetusta

41 989 212 1058 possessione,
225 988 360 1042 Armenios
372 988 452 1042 frater
464 987 519 1058 ejus
531 986 697 1042 Mithridates
709 985 839 1044 obtinebat

42 1065 131 1136 opibus
148 1064 256 1120 nostris.
292 1064 357 1118 Erat
373 1064 550 1118 Pharasmanis
559 1062 634 1134 ⁸titius
652 1062 753 1118 nomine
771 1063 863 1124 Rha-3

43 1141 175 1206 demutas,
197 1140 290 1196 deeora
311 1140 472 1210 proceritate,
493 1139 519 1194 vi
540 1138 652 1210 corporis
675 1139 790 1211 insignis,
812 1145 840 1196 et

42 1218 135 1288 patrias
154 1221 224 1272 artes
239 1215 353 1281 edoctus,
366 1216 483 1286 claraque
499 1216 567 1270 inter
585 1215 681 1270 accolas
699 1217 774 1271 fama
810 1217 864 1274 Ist

41 1294 169 1350 modicum
180 1293 273 1348 Iberim
281 1309 390 1362 regnum
399 1295 503 1348 senecta
513 1292 594 1363 patris
603 1291 719 1358 detineri,
728 1293 838 1349 ferocius

43 1371 206 1441 crebriusque
226 1369 341 1441 jactabat
365 1387 441 1439 quam
465 1373 495 1424 ut
519 1368 664 1439 cupidinem
688 1370 836 1426 occultaret.

42 1447 125 1518 Igitur
156 1447 343 1501 Pharasmanes
364 1446 483 1516 juvenem
507 1445 630 1515 potentiae
653 1450 784 1517 prompta,
810 1451 860 1509 ets

43 1523 125 1578 studio
144 1522 307 1593 popularium
330 1521 480 1588 accinctum,
499 1521 665 1592 vergentibus
687 1522 740 1592 jam
763 1523 836 1578 annis

43 1600 92 1654 suis
109 1602 238 1660 metuens,
258 1597 333 1652 aliam
354 1596 386 1652 ad
410 1615 482 1668 spem
505 1598 614 1662 trahere,
640 1600 666 1652 et
689 1598 837 1652 Armeniam

42 1679 179 1740 ostentam,
203 1675 285 1746 pulsis
309 1673 413 1728 Parthis
437 1672 523 1728 datam
546 1672 694 1728 Mithridati
717 1691 733 1728 a
755 1678 836 1728 semet

41 1751 221 1807 memorando:
240 1750 286 1806 sed
303 1751 354 1806 vim
372 1749 545 1818 differendam,
560 1754 586 1805 et
602 1749 727 1820 potiorem
742 1749 837 1816 dolum,

42 1846 89 1898 quo
100 1828 234 1883 incautum
248 1827 428 1898 opprimerent.
464 1827 509 1882 Ite
524 1825 707 1882 Rhadamistus
719 1826 860 1891 simulatae

41 1904 162 1960 adversm
190 1910 289 1974 patrem
318 1903 450 1969 discordia,
479 1907 601 1974 tanquam
630 1920 744 1958 novercae
772 1902 836 1960 odiis

40 1981 127 2052 impar,
142 1981 228 2053 pergit
241 1980 274 2034 ad
285 1983 406 2051 patruum
417 2001 425 2046 ς
443 1979 573 2050 multaque
586 1978 617 2034 ab
635 1997 665 2034 eo
677 1981 797 2036 comitate
809 1982 838 2037 iu

40 2058 150 2128 speciem
168 2057 279 2112 liberum
296 2057 390 2122 cuitus,
410 2057 534 2128 primores
552 2057 730 2112 Armeniorum
751 2056 783 2112 ad
794 2075 836 2112 res

39 2151 117 2190 novas
142 2134 224 2201 illicit,
247 2133 337 2205 ignaro
361 2137 389 2188 et
412 2136 520 2188 ornante
543 2133 647 2204 insuper
675 2133 835 2190 Mithridate.

39 2210 264 2267 Reconmtiationis
288 2209 372 2281 specie
391 2213 522 2280 assumpta
541 2227 722 2282 regressusque
742 2210 775 2266 ad
793 2219 881 2283 pate

38 2293 111 2357 uem,
130 2307 189 2359 qum
206 2285 296 2342 fraude
317 2286 407 2342 contiei
426 2285 565 2356 potuerint,
588 2291 706 2358 prompta
725 2289 836 2356 nuntiet,

39 2367 123 2420 cetera
142 2364 220 2418 arm'm
244 2361 401 2434 exequenda.
437 2361 547 2416 Interim
569 2362 753 2418 Pharasmanes
776 2365 860 2426 bettio

39 2458 129 2496 causas
140 2440 280 2511 confingit:
299 2438 426 2511 prelianti
437 2437 486 2494 sibi
498 2438 618 2494 adversus
627 2458 713 2511 regem
725 2441 836 2498 Albano-

39 2535 102 2582 rum,
115 2520 143 2571 et
156 2516 289 2574 Romanos
306 2515 401 2570 auxilio
417 2515 526 2579 vocanti,
545 2515 650 2571 fratrem
665 2515 834 2582 adversatum,

40 2611 145 2664 eamque
155 2592 277 2663 injuriam
295 2590 394 2646 excidio
415 2591 495 2661 ipsius
511 2589 595 2644 ultum
613 2592 718 2648 iturum.
754 2592 835 2646 Simul

39 2687 142 2742 magnas
154 2669 242 2740 copias
253 2668 307 2724 filio
317 2666 431 2723 tradidit.
468 2667 517 2722 ille
528 2665 669 2736 irruptione
688 2665 772 2722 subita
783 2669 859 2728 ter-3
