2026 2992
43 231 65 268 A
75 229 98 268 D.
109 230 154 280 ἢ]
255 169 454 218 ANNALIUM
473 169 523 219 111.
540 173 642 220 el-et.
792 171 836 219 12'!

43 281 160 334 civitates
182 297 246 351 quas
270 282 418 346 memoravi,
440 282 508 354 apud
526 283 678 354 Pergamum
697 279 838 351 AEsculapii

43 361 203 427 compertum
229 355 327 427 asylum
350 358 522 413 rettulerunt:
544 365 643 414 ceteros
666 357 781 414 obscuris
805 355 838 412 ob

42 437 202 488 vetustatem
225 433 306 487 initiis
330 433 387 487 niti.
440 435 507 489 Nam
538 436 680 506 Smyrnaos
708 432 863 490 oraculnmt

41 510 178 580 Apollinis,
198 509 272 579 enjus
295 509 403 579 imperio
421 510 585 566 Stratonicidi
601 511 698 565 Veneri
714 509 838 580 templum

41 586 192 651 dicaverint,
206 585 300 640 Tenios
316 585 432 656 ejusdem
444 605 545 642 carmen
562 587 665 654 referre,
678 603 728 658 quo
740 603 838 640 saerare

40 663 164 733 Neptuni
187 663 297 733 effigiem
317 661 447 733 aedemque
462 663 528 734 jussi
545 665 605 718 siut.
641 663 765 734 Propiora
783 663 863 718 Sur-t

39 739 149 793 danos:
176 738 319 793 Alexandri
334 739 439 793 victoris
458 740 485 794 id
504 739 606 794 donum.
642 740 734 810 Neque
755 739 839 794 minus

38 815 161 870 Milesios
172 815 255 869 Dario
267 833 328 884 rege
339 814 396 868 niti.
425 815 475 870 Sed
486 815 570 870 cultus
583 816 715 870 numinum
724 815 864 884 utrisque6

38 893 154 946 Dianam
166 895 213 945 eut
225 892 369 962 Apollinem
381 893 525 947 venerandi
561 893 653 947 Petere
665 897 692 946 et
704 893 840 947 Cretenses

39 968 179 1022 simulacro
204 967 258 1022 divi
280 969 403 1039 Augusti.
440 969 569 1040 Factaque
593 972 697 1023 senatus
725 968 863 1026 consultat

39 1045 100 1114 quis
117 1043 202 1098 multo
221 1061 280 1098 oum
297 1044 394 1098 honore
410 1045 500 1099 modus
517 1049 605 1100 tumen
622 1044 839 1116 proscribebatur,

38 1121 159 1192 jussique
180 1120 244 1190 ipsis
265 1120 293 1174 iu
317 1121 420 1191 templis
445 1121 523 1192 figere
550 1139 607 1186 aru,
636 1121 782 1176 sacrandam
809 1120 841 1174 ad

40 1197 201 1262 memoriam,
215 1215 267 1250 neu
282 1197 367 1267 specie
383 1196 548 1267 religionisin
564 1197 727 1252 ambitionem
743 1196 842 1251 delaba-

42 1278 142 1328 rentur.

81 1349 133 1404 Sub
157 1349 227 1403 idem
252 1351 355 1418 tempus
379 1348 457 1402 Julioe
481 1350 607 1420 Augustae
630 1348 744 1403 valitudo
768 1352 889 1405 atrox64

43 1425 262 1481 necessitudinem
273 1425 384 1496 principi
395 1425 455 1480 iecit
467 1426 582 1480 festinati
594 1426 621 1480 iu
632 1425 722 1480 urbem
736 1425 841 1491 reditus,

45 1504 143 1560 sincera
167 1503 254 1558 adhuc
270 1504 340 1558 inter
357 1507 464 1557 matrem
481 1503 611 1573 filiumque
629 1503 769 1568 eoncordia,
789 1505 843 1558 sive

46 1582 151 1636 occultis
164 1581 240 1636 odiis.
277 1581 372 1650 Neque
384 1581 450 1634 enim
461 1581 543 1634 multo
556 1585 622 1646 ante,
636 1599 694 1635 oum
706 1580 775 1634 baud
786 1589 866 1651 pro-2

46 1659 86 1712 cul
96 1659 203 1712 theatro
216 1657 335 1711 Marcelli
347 1656 452 1726 effigiem
465 1656 523 1711 divo
536 1658 651 1728 Augusto
661 1657 678 1710 J
678 1657 730 1710 ulia
739 1656 842 1720 dicaret,

47 1735 142 1790 'liberii
161 1751 258 1788 nomen
277 1750 325 1787 suo
346 1733 557 1802 postsoripserot;
576 1734 652 1803 idque
668 1733 710 1788 ille
727 1731 845 1786 eredeba-

46 1815 95 1876 tur,
108 1814 140 1864 ut
151 1809 263 1866 inferius
275 1809 410 1882 majestate
422 1809 550 1880 principis,
564 1809 635 1880 gravi
648 1813 674 1863 et
687 1808 846 1862 dissimulata

46 1888 187 1942 offensione
203 1884 348 1940 abdidisse.
386 1884 435 1938 Sed
456 1889 512 1939 tum
536 1885 659 1956 supplicia
682 1884 724 1939 dis
742 1883 867 1955 ludique8

45 1965 132 2034 magni
156 1963 191 2017 ab
210 1965 303 2016 senatu
324 1960 502 2026 decernuntur,
522 1979 586 2031 quos
604 1961 736 2032 pontifices
755 1964 781 2015 et
802 1979 844 2014 eu-

43 2059 123 2111 gures
139 2043 169 2094 et
187 2037 389 2108 quindecimviri,
403 2037 562 2107 septemviris
582 2037 658 2090 simul
675 2042 701 2091 et
717 2036 844 2092 sodalibus

43 2114 246 2187 Augustalibus,
266 2111 380 2167 ederent.
416 2113 557 2167 Oensuerat
575 2113 607 2166 L.
619 2113 748 2183 Apronius
761 2116 791 2166 ut
809 2113 867 2168 iet

43 2193 120 2247 tiales
133 2207 239 2262 quoque
250 2190 284 2244 iis
295 2188 363 2244 ludis
375 2189 546 2259 presidereut.
578 2189 740 2244 Contradixit
750 2190 843 2254 Cesar,

44 2269 172 2323 distincto
186 2265 387 2321 sacerdotiorum
400 2265 458 2334 jure
477 2269 504 2319 et
515 2265 631 2335 repetitis
646 2266 782 2335 exemplis:
801 2284 845 2320 ue·

45 2363 95 2415 que
104 2345 178 2399 euim
186 2359 302 2412 unquam
313 2340 442 2395 fetialibus
452 2342 500 2395 boc
509 2341 649 2410 majestatis
657 2341 743 2396 fuisse.
782 2341 868 2397 Ideot

45 2418 209 2492 Augustales
228 2417 352 2488 adjectos,
368 2416 426 2486 quia
441 2417 573 2487 proprium
588 2417 643 2486 ejus
660 2416 750 2470 domus
765 2434 847 2470 saeer-

46 2496 148 2550 dotium
176 2497 252 2558 esset,
278 2509 325 2562 pro
343 2510 394 2562 qua
410 2496 471 2546 vota
487 2491 699 2562 persolverentur.
734 2491 892 2558 Exseqni65

47 2571 194 2626 sententias
208 2567 278 2622 haud
290 2567 400 2631 institui,
412 2567 462 2621 uisi
473 2567 586 2636 insigues
599 2568 791 2635 perhonestum
804 2567 848 2614 aut

48 2647 158 2702 ¹1⁰b⁸bffi
183 2644 327 2707 d0d0001'03
344 2642 415 2714 quod
438 2643 594 2712 precipuum
611 2657 704 2693 munus
723 2635 850 2690 annulum
907 2646 910 2652 ·

49 2741 115 2788 reor,
128 2741 164 2778 ne
176 2721 289 2776 virtutes
301 2718 432 2782 sileantur,
445 2721 526 2786 utque
539 2715 624 2786 pravis
639 2713 714 2767 dictis
726 2708 851 2771 factisque
