1960 2952
140 139 172 186 22
476 137 596 187 TACITI
973 171 974 174 ,

780 201 816 248 [Α.
825 202 853 242 U.
860 203 882 241 c.
890 201 932 244 tot.

138 247 352 318 obtemperavero.
403 249 475 304 Tunc
499 268 514 304 a
536 249 699 306 veneratione
722 250 838 320 Augusti
860 269 933 306 orsus

136 324 208 378 flexit
220 324 254 378 ad
266 324 386 380 victorias
403 325 596 398 triumphosque
614 326 716 390 Tiberii,
730 326 865 397 praecipuis
883 327 933 381 lou·

137 399 211 455 dibus
227 400 357 455 celebrans
374 421 431 471 quaa
448 403 515 473 apud
535 403 683 458 Germanias
697 402 747 458 illis
760 420 817 458 oum
830 403 933 474 legioni·

112 475 184 530 ebus
196 475 366 547 pulcherrima
381 477 493 532 fecisset.
529 479 613 534 Italiac
631 477 690 534 inde
702 495 863 543 consensum,
878 479 934 534 Gal-

135 550 226 606 liarum
237 551 313 606 iidem
324 553 425 608 extollit
436 574 443 618 ;
461 555 498 610 nil
509 573 616 625 usquam
626 554 758 610 turbidum
771 558 816 610 aut
829 555 933 610 discors.
974 627 975 630 Ἴ

136 627 242 682 Silentio
255 629 309 683 hmo
321 628 363 683 vel
373 649 504 686 murmure
516 631 614 686 modico
627 631 715 686 audita
727 635 796 686 sunt.
974 653 975 658 ¹

89 707 125 762 35
170 704 209 758 Ut
221 703 372 759 seditionem
387 707 482 778 attigit,
495 707 540 762 ubi
556 707 682 762 modestia
698 707 824 772 militaris,
837 706 883 762 ubi
895 727 934 762 ve-
974 733 975 760 ι

134 780 197 835 teris
210 779 347 852 disciplinae
357 781 442 849 decus,
453 802 562 854 quonam
574 784 761 856 tribunosque
773 784 934 840 centuriones
974 787 975 848 ἦ

135 860 287 930 exegissent,
301 861 424 931 rogitans,
438 861 535 916 nudant
547 862 659 917 universi
676 880 790 932 corpora,
803 862 935 917 cicatrices

135 953 167 990 ex
179 935 335 1001 vulneribus,
353 937 487 992 verberum
502 942 576 992 notas
593 938 766 1008 exprobrant;
784 955 845 992 mox
859 938 936 992 indis

136 1012 212 1066 oretis
230 1009 338 1067 'vocibus
358 1013 442 1084 pretia
461 1015 631 1078 vacationum,
653 1014 784 1085 augrmtim
805 1014 935 1084 stipendii,

136 1086 256 1142 duritiam
265 1106 377 1158 operum,
389 1107 418 1143 ao
427 1090 536 1160 propriis
546 1089 691 1144 nominibus
700 1091 819 1144 moment
833 1090 935 1156 vallum,

135 1163 227 1228 fossam
238 1163 332 1234 pabuli,
340 1165 461 1228 materiae,
470 1165 598 1236 lignorum
611 1169 749 1236 aggestum
761 1171 788 1222 et
796 1166 817 1220 si
828 1184 881 1237 qua
890 1167 937 1222 alia
973 1185 975 1240 ι

136 1259 169 1296 cx
185 1241 338 1296 necessitate
357 1246 402 1296 aut
420 1241 542 1298 adversus
560 1243 642 1298 otium
660 1247 803 1298 castrorum
817 1263 937 1314 quaerun·
974 1243 975 1306 ξ

112 1319 187 1371 ttur.
222 1317 406 1374 Atrooissimus
424 1322 603 1374 veteranorum
621 1319 715 1374 clamor
733 1319 874 1385 oriebatur,
895 1321 938 1391 qui
973 1311 975 1392 l

135 1393 233 1448 tricena
259 1397 305 1448 aut
331 1412 409 1464 supra
435 1395 561 1464 stipendia
588 1397 759 1460 numerantes,
791 1395 938 1452 mederetur
974 1395 975 1474 l

136 1468 225 1536 fessis3
245 1489 296 1524 neu
313 1475 421 1525 mortem
433 1471 460 1525 in
472 1471 551 1526 isdem
569 1471 715 1536 laboribus;
734 1472 780 1526 sed
794 1471 873 1526 finem
886 1477 939 1528 tam
974 1504 976 1576 1

113 1546 253 1602 Sexercitae
262 1546 358 1601 militiae
367 1565 450 1618 neque
459 1547 561 1618 inopem
569 1547 691 1618 requiem,
702 1547 817 1603 orabant.
854 1548 940 1604 Fuere

137 1621 214 1675 ctiam
232 1623 276 1693 qui
293 1622 403 1694 legatam
420 1642 436 1678 a
454 1623 512 1678 diro
530 1625 651 1695 Augusto
668 1624 802 1695 pecuniam
820 1643 940 1695 reposce

136 1701 202 1762 rent,
215 1698 306 1753 faustis
324 1699 352 1754 in
368 1699 547 1754 Germanicum
563 1700 690 1754 ominibus
698 1723 706 1766 ;
725 1703 752 1755 et
767 1701 790 1755 si
801 1701 883 1756 vellet
895 1703 939 1758 irn-
974 1657 976 1750 l

112 1774 242 1844 4perium‚
258 1779 390 1846 promptos
407 1780 577 1830 ostentavere.
614 1777 680 1830 (lbrm
694 1794 762 1841 vero,
785 1777 861 1846 quasi
883 1797 936 1833 soe·
974 1751 976 1842 l

137 1850 188 1904 lere
200 1851 422 1916 contaminaretur,
436 1869 548 1922 praeceps
565 1852 687 1907 tribunali
704 1851 815 1908 desiluit.
854 1853 940 1924 Oppo
974 1865 976 1948 p

114 1926 360 1982 tsueruntabeunti
374 1946 451 1992 arma,
466 1927 864 1998 minitantes,niregredcretur.
904 1932 940 1988 At
975 1951 976 1998 ι

137 2001 179 2056 ille
198 2003 349 2057 moriturum
369 2004 455 2072 potius
477 2022 553 2074 quam
570 2003 648 2058 tidem
669 2007 775 2059 exueret
794 2004 939 2070 clamitans,

136 2078 232 2134 femnn
245 2098 260 2134 a
271 2079 350 2134 latere
362 2079 481 2151 deripuit,
493 2081 639 2151 elatumque
656 2080 787 2136 deferebat
795 2081 825 2136 in
839 2087 939 2152 pectus,
975 2095 976 2130 ι

113 2156 164 2210 dni
175 2157 283 2226 proximi
298 2174 415 2226 prensam
434 2157 550 2212 dextram
566 2157 593 2212 ri
605 2157 779 2212 attinuissent.
815 2157 941 2214 Extrema

136 2235 164 2287 et
182 2232 333 2304 conglobata
349 2233 417 2287 inter
435 2251 462 2287 se
480 2251 539 2303 pars
558 2233 694 2297 concionis,
708 2251 745 2298 ao,
759 2232 803 2287 rix
818 2234 940 2291 credibile

137 2306 216 2372 dictu,
230 2309 333 2378 quidam
349 2309 444 2379 singuli
455 2309 560 2380 propius
579 2309 734 2373 incedentes,
747 2308 837 2364 feriret
855 2311 940 2366 horu
975 2341 976 2344 ι

136 2382 246 2449 bantur3
273 2388 300 2439 et
320 2383 392 2438 miles
413 2385 515 2439 nomine
537 2385 682 2440 Calusidius
704 2385 823 2440 strictum
845 2386 940 2440 obtulit
975 2395 976 2450 j

115 2457 257 2527 tglsdium,
283 2459 369 2514 addito
394 2461 533 2516 acutiorem
557 2480 621 2517 esse.
659 2462 761 2517 Serum
780 2460 808 2516 id
829 2463 940 2533 malique
975 2507 976 2534 ζ

138 2533 215 2586 moris
236 2534 313 2588 etiam
334 2534 479 2591 furentibus
500 2537 602 2604 visum;
629 2556 659 2593 oo
680 2538 793 2608 spatium
813 2537 866 2594 fuit
892 2556 940 2610 quo
975 2551 976 2594 ἶ

139 2607 225 2660 Ooesar
237 2607 267 2662 ab
280 2609 365 2664 amicis
377 2612 406 2666 in
416 2612 610 2669 tabernaculum
621 2619 762 2685 raperetur.

94 2681 131 2736 36
175 2679 357 2740 Consultatum
379 2686 468 2742 ibide
491 2690 611 2746 remedio.
647 2691 753 2749 Etenim
772 2690 941 2748 nuntiabatur
974 2721 976 2780 Ι
