2026 2992
284 177 480 226 ANNALIUM
501 175 528 220 V·
546 175 632 222 4-1o
815 180 858 228 181

61 242 87 279 u.
98 241 125 278 u.
136 239 233 290 as-sr.]

61 290 188 360 singulos,
215 294 246 344 ut
276 289 367 360 cuique
398 291 523 356 assistere,
548 289 649 360 alloqui,
674 289 773 346 animus
797 295 860 358 erut,

60 367 177 420 retinens
191 371 237 420 aut
255 365 394 432 dimittens,
408 371 506 438 purtem
521 368 572 424 diei
589 368 748 440 absumpsit;
769 369 862 424 multo·

62 461 110 512 que
128 442 221 498 *adhuc
244 447 320 508 ooetu,
341 448 367 498 et
391 445 490 500 eunctis
509 445 664 516 intrepidum
684 445 785 500 vultum
806 445 861 518 ejus

62 519 250 590 spectantibus,
269 538 328 575 oum
346 538 478 592 superesse
495 526 596 594 tempus
614 523 758 578 novissimis
776 522 861 578 oredo·

61 601 127 661 rent,
153 595 249 668 gladio,
271 615 346 667 quem
366 597 425 652 sinu
446 597 585 664 abdiderat,
607 598 731 654 incubuit.
768 599 885 670 Neque²

63 673 150 728 Cesar
161 673 223 727 ullis
235 672 384 728 criminibus
397 678 442 728 aut
449 675 548 746 probris
561 675 709 730 defunctum
720 676 860 732 insectatus

64 759 111 814 est,
125 768 185 805 cum
197 750 227 804 in
242 751 356 805 Blesum
368 750 449 805 multa
466 751 583 823 foeduque
600 752 775 808 incusavisset.
810 753 860 809 Re-
871 753 888 806 8

62 828 145 882 latum
157 827 219 882 inde
232 827 263 882 de
272 829 302 883 P.
311 828 417 883 Vitellio
429 832 456 883 et
468 829 609 900 Pomponio
622 830 746 886 Secundo.
783 830 861 886 illum

63 905 159 960 indices
181 904 325 977 arguebant
345 905 456 960 claustra
474 907 564 971 erarii,
583 907 625 962 cni
642 907 779 978 praelectus
797 912 860 973 erat,

64 987 90 1036 et
110 983 251 1036 militarem
271 982 405 1052 pecuniam
426 983 502 1038 rebus
520 984 593 1039 novis
611 982 750 1050 obtulisse;
768 984 828 1040 huic
846 1003 862 1038 a

64 1059 185 1114 Considio
205 1062 318 1130 praetura
334 1059 425 1114 functo
441 1059 619 1130 objectabatur
636 1060 698 1116 AElii
716 1061 782 1116 Gelli
799 1061 860 1116 ami·

63 1140 130 1206 citia,
154 1136 203 1208 qui
227 1136 318 1206 punito
343 1135 433 1206 Sejano
463 1137 490 1193 in
513 1137 601 1192 hortos
625 1138 760 1209 Pomponii
789 1139 861 1210 qnasi

63 1217 217 1272 fidissimum
241 1215 274 1269 ad
298 1215 438 1270 subsidium
465 1213 628 1286 perfugisset.
676 1215 769 1286 Neque
792 1215 884 1271 aliud2

63 1293 269 1365 periclitantibus
285 1293 371 1347 auxilii
384 1310 460 1364 quam
475 1292 502 1347 iu
520 1292 628 1346 fratrum
647 1292 790 1348 constantia
801 1293 859 1358 firit,

64 1371 105 1442 qui
116 1372 199 1426 vades
212 1371 329 1425 extitere.
365 1369 431 1424 Mox
443 1369 538 1424 crebris
552 1369 736 1440 prolationibus
748 1388 819 1441 spem
831 1382 884 1426 acu

64 1453 158 1503 metum
178 1447 258 1519 juxta
278 1450 400 1518 gravatus
423 1447 551 1512 Vitellius,
576 1447 658 1517 petito
681 1466 727 1518 per
751 1447 860 1518 speeiem

63 1525 210 1580 studiorum
225 1524 324 1596 scalpro
340 1525 421 1579 levem
435 1524 515 1580 ictum
531 1523 601 1578 venis
619 1523 714 1588 intulit,
731 1523 859 1594 vitamne

64 1601 218 1674 egritudine
231 1600 309 1656 animi
320 1601 410 1655 finivit.
446 1602 482 1655 At
494 1600 658 1672 Pomponius,
671 1600 752 1656 mults
760 1611 883 1657 morumt

64 1679 193 1750 elegantia
210 1683 239 1734 et
256 1678 359 1749 ingenio
376 1677 477 1742 illustri,
497 1676 558 1731 dum
581 1677 711 1732 adversam
731 1677 859 1732 fortunam

64 1775 152 1827 aequus
172 1755 275 1821 tolerat,
289 1753 390 1809 Tiberio
408 1757 537 1826 superstes
554 1753 611 1808 fuit.
646 1753 773 1808 Placitum
792 1757 886 1823 post-9

63 1831 109 1886 hae
127 1835 159 1886 ut
178 1828 207 1885 in
224 1829 336 1900 reliquos
360 1829 446 1901 Sejani
463 1829 556 1885 liberos
578 1830 761 1897 adverteretur,
773 1847 860 1885 vanes-

64 1913 137 1964 cente
163 1926 311 1980 quanquam
334 1906 414 1978 plebis
437 1906 482 1972 ira,
508 1925 538 1962 ao
559 1908 685 1979 plerisque
708 1925 754 1978 per
776 1906 861 1978 priora

64 1987 190 2058 supplicia
207 1986 301 2042 lenitis.
337 1985 423 2058 Igitur
440 1987 575 2056 portantur
592 1985 620 2039 in
636 2001 769 2050 carcerem,
793 1983 883 2040 filius

63 2065 253 2119 imminentium
271 2063 423 2134 intelligens,
436 2062 520 2133 puella
532 2061 595 2117 adeo
612 2061 704 2127 nescia,
724 2065 754 2116 ut
772 2062 860 2117 crebro

63 2142 238 2212 interrogaret
262 2139 330 2211 quod
360 2139 393 2194 ob
416 2138 545 2204 delictum,
572 2143 598 2192 et
623 2157 674 2210 quo
697 2138 858 2205 traheretur;

63 2237 147 2289 neque
172 2219 300 2273 facturam
330 2216 405 2282 ultra,
430 2221 457 2271 et
486 2234 562 2288 posse
588 2234 616 2270 se
642 2215 733 2286 puerili
756 2215 859 2271 verbere

64 2295 171 2350 moneri.
208 2293 324 2348 lbadunt
341 2293 463 2364 temporis
482 2293 537 2364 ejus
556 2292 755 2363 auctoresque
771 2293 884 2353 trium-3

63 2371 137 2426 vitali
162 2370 288 2442 supplicio
313 2370 380 2424 affici
397 2371 521 2440 virginem
545 2368 688 2424 inauditum
710 2369 858 2434 habebatur,

64 2466 80 2502 a
102 2449 223 2504 carnifice
245 2447 365 2517 laqueum
385 2446 461 2518 juxta
484 2465 670 2516 compressum
698 2446 757 2500 exin
774 2446 860 2502 oblisis

65 2524 182 2580 faucibus
197 2524 268 2579 idt
234 2528 296 2579 aetat
269 2523 319 2578 atis
331 2541 438 2593 corpora
448 2524 476 2578 in
488 2523 623 2578 Gemonias
635 2522 741 2593 abjecta

98 2603 150 2656 Per
163 2601 258 2656 idemt
246 2605 349 2670 tempus
371 2599 430 2654 Asia
447 2603 524 2670 atque
541 2598 698 2653 Achaici
655 2602 698 2652 ext
700 2598 761 2651 errit
762 2615 783 2651 ω
749 2599 861 2650 tsunt
872 2604 909 2654 10

66 2678 117 2732 acri
129 2678 214 2749 magis
234 2695 311 2747 quam
330 2675 385 2730 diut
374 2680 451 2729 turno
468 2693 578 2738 rumore,
591 2675 706 2727 Drusum
719 2671 863 2725 Germanioi
943 2670 953 2679 “

66 2755 144 2810 filium
159 2753 228 2826 apud
241 2752 364 2824 Cycladas
376 2751 480 2819 insulas,
493 2769 552 2804 mox
568 2749 595 2803 in
611 2747 758 2808 continenti,
772 2745 862 2799 visum
