1936 2968
222 151 416 202 ANNALIUM
433 153 488 202 XV.
502 155 604 202 oo-os.
762 154 810 208 86¹1

25 217 158 348 pigridiis,
183 264 246 335 quin
268 263 368 334 objecta
388 263 533 336 denegaret.
570 264 613 319 Sic
634 263 729 336 primus
747 283 813 336 qtrae.

25 347 116 407 ationis
131 343 184 398 dies
197 344 366 412 contemptus.
402 342 512 397 Postero
524 359 582 396 cum
599 341 632 396 od
643 342 745 398 eosdem
757 355 839 402 cru-8

24 429 111 484 clatus
133 419 308 475 retraheretur
330 419 472 489 gestamine
496 417 573 484 selloe,
595 419 665 488 (num
689 419 817 476 dissolutis

22 499 141 560 membris
152 497 270 551 insistere
281 495 424 566 nequibat)
435 495 518 551 vinclo
530 495 622 563 iussis,
630 515 705 567 quem
717 499 817 568 pectori

22 579 175 638 detraxerat,
188 574 216 628 in
233 572 334 628 modum
352 573 438 644 laquei
456 572 488 627 sd
506 590 593 627 eroum
610 573 677 628 selloe
695 575 816 630 restricto

21 654 116 714 indidit
134 651 264 715 cervicem,
286 654 313 705 et
333 649 446 721 corporis
462 650 574 722 pondere
591 650 697 705 connisa
713 655 816 706 tenuem

18 736 74 808 jam
105 727 223 800 spiritum
252 727 392 796 expressit3
419 727 524 781 clariore
554 727 669 798 exemplo
698 727 817 783 libertina

19 809 114 866 mulier
135 805 164 860 iu
183 807 257 858 tanta
275 804 427 858 necessitate
449 803 543 858 alienos
563 821 592 858 ac
612 822 691 875 prope
714 805 816 876 ignotos

19 881 188 961 protegendo,
211 899 270 936 cum
293 881 397 952 ingenui
421 883 447 936 et
468 881 564 936 viriet
585 882 685 952 equites
706 882 817 939 Romani

18 967 211 1029 senatoresque,
223 958 314 1012 intacti
325 958 467 1023 tormentis,
481 957 610 1013 carissime
628 977 732 1014 snorum
750 962 817 1031 quis·

17 1060 69 1115 que
93 1037 229 1108 pignorum
249 1034 393 1105 proderent.
429 1034 491 1090 Non
512 1035 580 1090 enirn
597 1036 750 1092 omittebant
765 1037 841 1092 [ru-4

16 1135 100 1175 eunus
112 1130 214 1185 qnoque
226 1115 252 1166 et
265 1113 369 1167 Senecio
382 1115 408 1166 et
421 1113 577 1172 Quintianus
589 1113 684 1183 passim
701 1114 817 1169 conscios

15 1196 104 1257 edere,
117 1189 201 1261 magis
218 1189 348 1260 magisque
360 1190 452 1260 parido
465 1190 577 1256 Nerone,
591 1209 735 1261 quenquam
753 1191 818 1245 mul-

13 1269 146 1344 tiplicatis
170 1265 283 1321 excubiis
308 1273 388 1321 semet
406 1267 541 1338 saepsisset.
578 1267 650 1326 Quin
671 1272 698 1322 et
719 1267 864 1335 urbem,58

11 1367 64 1420 per
84 1343 230 1414 manipulos
247 1343 377 1414 occupetis
394 1344 527 1409 moenibus,
545 1345 643 1399 insesso
660 1345 737 1400 etism
752 1345 817 1400 mari

12 1430 41 1480 et
56 1439 146 1487 amne,
158 1419 229 1475 velut
241 1420 268 1474 in
282 1419 423 1474 custodium
440 1419 517 1475 dedit.
553 1420 754 1492 Volitsbantque
772 1432 841 1492 per2

11 1503 82 1565 fora,
97 1517 147 1570 per
158 1497 254 1562 domos,
268 1516 328 1552 rurs
340 1516 440 1568 quoqne
452 1503 479 1553 et
490 1498 605 1569 proxima
612 1499 815 1570 municipiorum,

11 1577 122 1650 pedites
143 1574 301 1645 equitesque,
319 1575 439 1644 permixti
457 1576 596 1642 Germanis,
614 1577 706 1647 quibus
724 1576 818 1631 fidebat

9 1650 354 1726 princepsquasiexternis.
385 1651 842 1724 continuahinoetvinotsagminss

7 1729 95 1794 trahi,
110 1746 144 1782 ac
157 1727 256 1782 foribus
267 1727 400 1782 hortorum
413 1728 533 1798 adjacere.
569 1733 656 1801 Atque
672 1730 717 1785 nbi
736 1729 818 1785 dicen-

7 1807 75 1862 dam
98 1803 137 1859 ed
156 1821 259 1859 cansam
277 1804 433 1870 introissent,
452 1805 567 1860 letatum
585 1825 646 1878 erge
663 1806 818 1877 conjuratos,

5 1883 59 1940 sed
73 1881 207 1936 fortuitus
219 1898 301 1936 sermo
313 1884 340 1935 et
352 1881 432 1936 subiti
443 1899 571 1947 occursus,
586 1883 608 1937 si
626 1883 777 1948 convivium,
797 1883 820 1938 si

5 1957 200 2032 spectaculum
223 1957 298 2011 simul
316 1957 430 2022 inissent,
452 1975 498 2028 pro
518 1958 622 2013 crimine
644 1958 741 2029 accipi;
761 1977 819 2014 oum

2 2054 95 2107 snper
119 2033 236 2088 Neronis
252 2051 281 2088 ac
302 2033 419 2104 Tigellini
435 2051 514 2088 saeros
530 2035 751 2104 percunctationes
766 2035 819 2090 llae-

0 2137 14 2164 r.
25 2114 73 2168 ’us
87 2128 199 2182 qnoque
212 2110 297 2165 Rufus
309 2110 433 2165 violenter
444 2114 556 2181 urgeret,
568 2110 680 2165 nondum
693 2112 724 2167 ab
733 2112 820 2168 indici-

9 2209 59 2246 ·ns
83 2188 248 2252 nominatus,
271 2186 317 2242 sed
335 2205 385 2258 quo
405 2186 481 2242 fidem
499 2189 606 2243 inscitiae
622 2193 730 2260 peroret,
747 2194 821 2244 atrox

0 2292 10 2314 ,ι
24 2283 146 2322 versus
161 2265 252 2319 socios.
289 2263 362 2318 Idem
375 2264 467 2320 Subrio
479 2265 557 2318 Flavo
569 2264 699 2320 assistenti
711 2269 845 2321 eunucu-4

16 2343 95 2414 'que,
111 2359 149 2395 an
161 2340 231 2395 inter
243 2340 324 2410 ipsam
336 2341 507 2412 cognitionem
523 2339 692 2414 destringeret
709 2343 821 2414 gladium

20 2446 34 2467 :¹
46 2435 173 2488 emque
196 2420 317 2488 patraret,
332 2417 428 2471 xrenuit
451 2417 606 2492 infregitque
625 2419 748 2489 impetum
768 2419 821 2488 jam

5 2522 19 2545 o
33 2522 38 2543 ι
59 2507 123 2550 'um
138 2493 176 2548 ad
187 2492 305 2563 capulum
318 2493 459 2548 referentis.
496 2493 578 2548 Fuere
591 2494 635 2564 qui
646 2495 747 2566 prodite
763 2511 820 2548 con·
831 2493 868 2546 59

7 2572 160 2635 aratione,
176 2569 238 2625 dum
249 2569 353 2624 auditur
364 2571 494 2634 Milichus,
504 2569 564 2624 dum
573 2570 673 2624 dubitat
683 2569 820 2630 Scaevinus,

4 2651 193 2704 ortarentnr
200 2647 321 2700 Pisonem
330 2663 435 2716 pergere
446 2642 474 2698 in
483 2649 567 2701 castro
578 2648 622 2698 aut
632 2645 727 2696 Rostro
736 2657 822 2692 escen-

1 2743 77 2791 ere,
94 2722 246 2792 studisque
257 2721 368 2776 militurn
379 2725 406 2776 et
418 2719 618 2792 populitentare.
655 2711 847 2767 Sioonutibust
943 2792 964 2816 Δ
