1866 2944
30 189 89 229 Ab.
99 192 141 240 19¹]
245 131 440 180 ANNALIUM
458 131 494 179 11.
507 129 612 182 71—76.
793 129 822 182 οἵ

31 243 121 304 ttrem,
147 241 247 295 etiamsi
274 240 404 296 temeritas
428 241 529 304 afuerit,
554 237 760 311 praepeditusque
790 239 825 294 sit

30 317 161 388 perculsm
189 321 230 371 tot
259 317 373 372 victoriis
398 316 547 372 Germanias
571 315 676 371 servitio
700 331 824 385 premere.

30 393 133 450 Quodsi
152 393 222 447 solus
242 393 338 447 arbiter
358 409 451 457 rerum,
471 393 494 447 si
513 393 571 463 jure
590 395 617 447 et
634 390 736 446 ammius
754 389 849 462 regiot

28 468 130 533 fuisset,
148 473 222 522 tanto
241 469 383 540 promptius
402 472 578 524 assecuturum
597 467 703 538 gloriam
719 466 823 532 militia,

28 551 154 614 quantum
172 545 312 610 clementia,
331 546 507 615 temperantia,
525 544 617 600 ceteris
633 543 706 598 bonis
726 541 824 598 artibum

27 621 203 690 praestitisset.
239 621 339 691 Corpus
363 623 498 691 antequam
522 621 677 674 cremaretur
699 618 847 674 nudetumt

26 695 53 750 in
68 696 128 751 foro
149 695 368 760 Antiochensium,
389 696 433 768 qui
444 697 516 751 locus
530 695 667 766 sepulturae
684 694 825 750 destinaba-

25 775 77 838 tur,
87 772 265 843 praetuleritne
276 772 392 827 veneficii
403 772 483 842 signu,
492 789 582 843 parum
594 771 719 826 constitit.
756 771 849 826 Namt

24 851 56 902 ut
80 849 142 918 quis
166 848 339 904 misericordia
361 849 389 902 in
410 849 595 912 Germanicum,
620 851 647 902 et
670 851 826 918 presumpta

22 925 174 995 suspicione
197 929 242 979 ant
262 925 349 980 favore
365 925 393 978 in
409 924 529 979 Pisonem
543 923 653 995 pronior,
675 921 769 978 diversi
789 922 825 978 in·

23 1000 246 1071 terpretabantur.

60 1077 246 1131 Consultatum
258 1075 317 1131 inde
329 1077 397 1132 inter
407 1076 506 1148 legatos
518 1077 612 1148 quique
625 1076 667 1132 alii
678 1079 823 1132 senatorum
834 1077 872 1140 74

23 1152 143 1217 ederant,
163 1153 280 1223 quisnam
299 1152 378 1224 Syriae
395 1154 573 1224 preficeretur.
608 1153 644 1208 ut
662 1154 754 1208 ceteris
772 1170 825 1207 mo·

23 1229 81 1284 dice
99 1229 175 1294 nisis,
195 1229 262 1284 inter
280 1229 385 1284 Vibium
402 1230 519 1284 Marsum
537 1234 564 1283 et
582 1227 757 1284 (lubentium
779 1228 824 1284 diu

1 1366 4 1369 ,
22 1309 181 1378 quesitum:
200 1308 259 1362 dein
271 1307 375 1361 Marsus
388 1307 481 1362 seniori
492 1310 518 1362 et
531 1307 613 1362 acrius
631 1307 747 1362 tendenti
764 1307 824 1362 Sen-

21 1385 60 1438 tio
73 1383 213 1439 concessit.
250 1383 329 1454 Isque
341 1382 459 1439 infamem
471 1383 598 1438 veneficiis
615 1401 646 1439 ea
656 1383 684 1438 in
695 1383 848 1455 provincias

20 1465 49 1516 et
73 1459 209 1514 Plancina
233 1477 370 1530 percaram
395 1459 496 1514 nomine
519 1459 663 1524 Martinam,
685 1459 712 1514 in
735 1457 825 1514 urbem

20 1538 103 1601 misit,
117 1535 311 1607 postulantibus
327 1535 432 1590 Vitellio
449 1553 478 1591 ao
494 1536 606 1590 Veranio
622 1537 763 1606 oetermque
781 1535 825 1606 qui

19 1613 136 1668 crimina
155 1615 183 1666 et
204 1611 398 1676 emanationem,
417 1615 546 1683 tamquam
567 1611 687 1666 adversm
708 1615 825 1681 receptos

15 1689 74 1760 jam
92 1687 163 1753 reos,
182 1688 351 1743 instruebant.
388 1689 425 1742 At
442 1688 591 1761 Agrippina,
610 1704 764 1758 quamquam
782 1686 870 1755 tle-75

19 1765 93 1820 fessa
115 1766 191 1821 luctu
209 1769 237 1819 et
255 1782 360 1834 corpore
378 1782 454 1835 egro,
473 1765 586 1820 omnium
605 1768 693 1818 temen
713 1779 770 1833 qua
788 1763 825 1840 ul·

19 1842 124 1896 tionem
145 1843 307 1895 morarentur
330 1841 476 1907 intolerans,
500 1839 615 1896 ascendit
639 1839 744 1894 classem
768 1855 826 1894 oum

18 1917 155 1972 cineribus
169 1917 314 1972 Germanici
322 1921 349 1972 et
358 1917 452 1983 liberis,
462 1916 642 1972 miserantibus
650 1915 748 1970 emotis
758 1915 826 1987 quod

18 1993 124 2048 femina
138 1993 273 2048 nobilitate
288 1993 415 2065 prinecps,
429 1993 599 2064 pulcherrimo
610 1991 685 2048 modo
698 1993 825 2048 matrimo·

16 2071 63 2126 nio
89 2071 162 2125 inter
183 2073 334 2125 venerantes
355 2073 537 2140 gratantesque
558 2069 637 2140 aspici
660 2069 742 2134 solita,
762 2073 825 2128 tunc

15 2145 118 2202 ferales
130 2146 251 2216 reliquias
269 2146 326 2200 sinu
344 2145 431 2210 ferret,
444 2146 543 2200 ineerta
558 2145 670 2210 ultionis,
684 2146 759 2200 anxia
775 2146 823 2211 sui,

15 2227 45 2280 et
53 2223 157 2278 infelici
167 2222 324 2278 iocunditate
336 2222 446 2278 fortuna
455 2223 551 2278 totiens
563 2222 679 2278 obnoxia.
705 2223 824 2277 Pisonem
834 2235 849 2281 2

14 2300 130 2356 interim
145 2300 214 2368 apud
227 2298 433 2353 Couminsulam
449 2299 557 2354 nuntius
575 2298 723 2370 adsequitur
741 2317 825 2354 exces-

15 2377 87 2432 sisse
108 2375 296 2430 Germanicum.
333 2375 394 2432 Quo
412 2375 611 2446 intemperanter
628 2379 732 2445 accepto
750 2373 847 2432 caedite

14 2453 151 2516 victimas,
165 2451 219 2505 adit
230 2451 333 2522 templa,
346 2452 429 2522 neque
441 2451 495 2520 ipse
508 2451 628 2521 gaudium
641 2449 781 2513 moderans,
798 2453 824 2504 et

14 2530 107 2601 magis
119 2528 289 2582 insolescente
301 2527 430 2592 Plancina,
441 2546 498 2598 quac
509 2527 607 2582 luctum
620 2526 718 2580 amissae
730 2524 824 2578 sororis

14 2609 79 2662 tum
101 2605 215 2675 primum
237 2604 297 2658 laeto
321 2602 394 2656 cultu
416 2601 535 2655 mutavit.
571 2600 715 2654 Affiuebunt
739 2599 825 2646 centu·
835 2601 872 2650 76

15 2683 118 2747 tiones,
131 2679 322 2749 monebantque
337 2680 456 2747 prompta
471 2675 509 2730 illi
523 2675 654 2742 legionum
670 2667 768 2720 studia:
787 2679 826 2712 ra-
