1936 2968
145 143 192 192 368
479 138 599 188 'raom

772 201 813 250 [r.
821 201 853 242 c.
861 201 884 242 c.
894 200 939 242 ars.

143 255 199 324 ejus
218 252 312 308 conscii
333 254 541 324 aggregarentur,
558 253 689 306 secuturos
707 250 787 306 etiarn
807 251 939 322 integram

144 348 310 401 magnamque
329 334 405 384 mota
422 328 459 382 rei
475 328 576 392 lamam,
593 345 656 398 quaa
664 327 805 398 plurimum
825 327 854 382 in
869 327 941 382 novis

123 405 367 469 sconsiliisvaleret.
404 403 789 459 NihiladversumbacNaroni
802 405 940 474 provisum,

145 482 230 538 Etiam
242 482 322 536 iortes
339 482 407 536 viros
423 480 515 536 subitis
533 479 639 546 terreri3
657 478 752 535 nedum
759 480 804 534 ille
817 481 939 544 aceniam,

145 557 270 629 Tigellino
290 557 386 612 scilicet
402 574 461 611 cum
481 556 613 627 pellicibus
631 556 684 610 suis
705 556 857 621 comitante,
875 573 942 612 arma

123 639 235 696 econtra
246 635 331 689 cieret.
368 632 454 687 Multa
466 632 618 703 experiendo
629 632 738 697 confieri,
749 651 808 702 qua
821 633 941 704 segnibus

146 709 225 765 ardua
244 710 385 766 videantur.
421 708 529 763 Frustra
552 708 681 763 silentium
697 712 725 762 et
749 709 828 764 fidem
853 709 882 764 in
903 712 942 762 tot

146 790 304 844 consciorum
329 787 419 842 animis
443 790 470 841 et
495 787 643 857 corporibus
667 805 786 858 sperare:
818 787 943 842 cruciatui

125 869 192 929 aaut
208 866 310 936 premio
329 867 422 919 cuncta
439 863 525 934 pervia
542 882 606 918 esse.
640 864 773 919 Venturos
795 865 844 934 qui
862 865 943 936 ipsum

42 961 46 967 ’
147 961 247 1013 quoque
270 942 403 1006 vincirent,
427 944 557 1012 postremo
583 940 688 1012 indigna
711 959 775 996 nece
805 941 943 996 afficerent.

126 1019 253 1078 sanante
274 1018 424 1073 laudabilius
443 1017 593 1088 periturum,
619 1017 679 1072 dum
700 1017 870 1088 amplectitur
893 1036 944 1072 rem

147 1095 281 1166 publicam,
300 1094 361 1149 dum
379 1093 472 1148 auxilia
487 1093 599 1148 libertati
616 1093 733 1148 invocat!
760 1093 842 1148 Miles
861 1095 945 1166 potius

147 1171 248 1227 deesset
266 1175 293 1226 et
310 1171 396 1242 plebes
414 1169 549 1236 desereret,
568 1169 627 1225 dum
642 1170 697 1241 ipse
714 1170 867 1240 majoribus,
886 1171 945 1224 dum

148 1248 264 1318 posteris,
295 1247 318 1302 si
347 1247 401 1302 vita
428 1245 613 1318 preciperetur,
644 1250 753 1301 mortem
781 1247 946 1318 approbaret.

128 1324 275 1381 tImmotus
295 1323 336 1377 bis
356 1327 383 1378 et
404 1321 535 1393 paululum
555 1322 582 1376 in
605 1322 707 1394 publico
729 1328 862 1389 versatus,
890 1328 948 1396 post

149 1399 217 1453 domi
238 1403 359 1468 secretus,
383 1399 494 1454 animum
518 1399 653 1454 adversum
677 1417 798 1470 suprema
819 1401 947 1465 firmabat,

149 1475 229 1530 donec
253 1493 342 1530 manus
366 1474 476 1530 militum
498 1475 636 1540 adveniret,
661 1493 725 1546 quos
750 1475 826 1530 Nero
850 1478 948 1532 timna

150 1556 195 1607 aut
219 1551 352 1623 stipendiis
375 1555 491 1606 recentes
515 1551 659 1622 delegerat:
687 1569 745 1606 nam
769 1557 851 1608 vetus
875 1554 949 1608 miles

129 1629 296 1694 stimebatur,
315 1646 460 1700 quanquam
484 1627 570 1682 lavore
593 1628 714 1683 imbutus.
753 1628 830 1685 Obiit
855 1630 948 1702 abrup

26 1717 30 1725 ’
128 1701 187 1760 ¹tis
211 1705 371 1760 brachiorum
394 1704 473 1759 venis.
510 1704 700 1760 Testamentum
724 1704 802 1760 fodis
827 1706 951 1763 adversus

151 1782 281 1836 Neronem
303 1780 488 1836 adulationibus
510 1781 589 1834 amori
608 1782 695 1835 uxoris
712 1779 795 1847 dedit,
818 1785 951 1855 quamde

152 1877 269 1929 generem
294 1862 321 1912 et
345 1857 398 1912 sola
418 1857 530 1928 corporis
549 1857 631 1912 forma
650 1858 860 1916 commendatam
882 1861 952 1918 amici

131 1935 312 1991 amatrimonio
330 1933 478 1990 abstulerat.
516 1933 618 1988 Nomen
635 1934 749 1989 mulieris
767 1937 851 1992 Atria
875 1939 950 2002 Galla,

152 2012 231 2081 priori
255 2011 347 2066 marito
368 2010 497 2065 Domitius
519 2009 603 2064 Silus:
628 2011 669 2065 hie
688 2011 828 2081 patientia
845 2015 894 2071 illa
911 2017 951 2070 im

108 2087 284 2160 60pudicitia,
309 2087 411 2142 Pisonis
435 2086 564 2140 infamiam
585 2105 764 2158 propagavere.
806 2091 950 2148 Proxima

154 2181 241 2218 necem
260 2163 357 2218 Plautii
372 2162 491 2216 Laterani
503 2162 612 2217 consulis
625 2163 753 2233 designati
770 2165 852 2222 Nero
871 2169 951 2240 adjun-

153 2239 199 2309 git,
218 2238 280 2293 adeo
298 2256 404 2310 propere
422 2241 452 2293 ut
469 2256 521 2292 non
539 2238 673 2309 complecti
691 2239 801 2308 liberos,
821 2263 879 2300 non
896 2241 951 2300 illud

131 2313 229 2368 2breva
241 2315 330 2369 mortis
348 2314 480 2369 arbitrium
497 2315 663 2386 permitteret.
698 2315 812 2388 Raptus
830 2321 953 2378 inlocum

153 2388 286 2443 servilibus
298 2391 378 2459 poenis
391 2391 531 2460 sepositum
542 2409 620 2445 manu
636 2392 714 2446 Statii
731 2394 839 2452 tribuni
851 2397 953 2454 tradas

152 2467 203 2526 tur,
222 2462 312 2532 plenus
336 2467 479 2521 constantis
503 2467 606 2532 silentii,
625 2485 673 2522 nec
696 2468 813 2528 tribuno
838 2475 953 2548 objisiffl

152 2536 256 2590 eandem
269 2539 459 2595 conscientiam.

131 2611 145 2654 8
188 2610 309 2696 Sequitur
332 2612 413 2668 cades
437 2617 530 2672 Annei
552 2618 662 2686 Seneca,
683 2619 828 2682 laetissima
846 2625 955 2700 principi,

151 2696 203 2732 non
219 2701 279 2751 qma
296 2687 478 2756 conjurationis
495 2695 660 2772 manifestum
677 2709 860 2774 compererat,
873 2705 918 2762 aad
929 2705 955 2758 at
