1862 2952
104 119 152 168 208
435 119 556 169 raom

744 177 909 229 mnam

109 229 913 303 mmmmmmfflfflmmffimmstmmmmi

110 313 167 362 tum
187 308 245 363 aula
256 313 282 364 et
294 327 361 364 novo
377 327 437 380 rege
457 307 611 380 potiebatur,
629 306 663 360 ad
678 307 848 362 Artabanum
858 323 914 362 ver-

90 388 172 440 ttere.
209 385 287 458 Isque
299 385 327 440 in
338 385 466 456 Hyrcanis
478 389 595 456 repertus
608 388 656 448 cst,
669 383 757 438 illuvie
771 384 876 440 obsitus
887 387 913 439 et

111 462 230 517 alimenta
250 481 312 518 arcu
330 461 474 535 expediens.
519 463 559 516 Ac
582 461 668 532 primo
690 464 822 530 tanquam
842 461 913 516 dolus

110 541 250 610 pararetur,
270 539 387 605 territum
412 539 457 594 ubi
477 537 537 592 data
557 536 620 592 fides
640 535 780 592 reddendae
802 538 914 593 dominer

110 615 175 670 tioni
190 615 297 681 venisse,
316 615 439 670 allevatur
455 614 573 679 animum,
587 617 623 680 et,
635 631 692 683 qun
708 615 852 683 repentina
863 633 913 669 mn·

89 693 183 758 statio,
196 693 315 764 exquirit.
340 691 406 746 Turn
418 691 501 746 Hiero
509 690 646 761 pueritiam
652 688 778 745 Tiridatis
788 692 911 762 increpat,

111 787 194 842 neque
215 787 293 840 penes
316 766 456 822 Arsaciden
479 767 621 837 imparium,
646 765 692 821 sed
715 767 797 822 inane
822 785 913 822 nornen

112 847 179 918 apud
190 844 315 901 imbellem
323 849 428 899 externa
440 843 554 911 mollitia,
563 843 616 899 rim
627 843 655 898 in
665 841 818 914 Abdsgesis
831 845 911 898 domo.

65 919 105 972 44
113 925 205 988 Sensit,
213 927 287 978 vetus
299 920 429 993 regnandi,
443 921 521 975 salsos
533 921 560 975 in
571 937 657 974 amore
669 919 728 975 odia
739 937 797 974 non
807 921 910 992 fingere.

111 999 168 1056 Nec
179 999 247 1054 ultra
266 1004 387 1061 moratus,
402 1016 476 1068 quam
493 997 553 1052 dum
571 996 724 1068 Scytharum
742 998 847 1052 auxilia
858 1015 912 1053 con

111 1077 182 1142 ciret,
195 1075 278 1148 pergit
290 1093 421 1149 properus,
433 1080 459 1130 et
480 1073 636 1146 praereniens
653 1071 822 1128 inimicorum
836 1079 910 1138 astus

111 1153 249 1207 amicorum
272 1152 455 1222 paenitentiam
482 1167 565 1220 neque
588 1151 695 1204 exuerat
718 1149 864 1218 poedorem,
884 1155 911 1204 11

89 1229 215 1298 2vulgum
226 1227 388 1284 miseratione
400 1227 551 1283 adverteret.
587 1226 650 1281 Non
660 1225 742 1291 fraus,
753 1244 810 1281 non
817 1245 909 1299 preces,

111 1305 174 1358 nihil
189 1306 318 1370 omissum,
340 1322 390 1376 quo
408 1303 540 1374 ambiguos
557 1303 671 1371 illiceret,
691 1305 812 1374 prompti
834 1305 910 1359 firma·

90 1385 206 1436 crentur.
243 1383 351 1452 Jamque
358 1381 439 1436 multa
448 1399 525 1434 manu
533 1380 674 1451 propinqua
684 1379 813 1436 Seleuciae
822 1381 909 1436 adren-

111 1457 189 1524 tabat,
202 1475 260 1513 curn
274 1457 407 1523 Tiridates,
425 1456 500 1512 simul
518 1457 586 1510 fama
601 1461 678 1526 atque
695 1455 754 1526 ipso
778 1458 909 1513 Artabm

111 1535 249 1604 perculsus,
275 1535 383 1590 distrahi
406 1533 524 1598 consiliis,
549 1532 599 1588 iret
629 1535 720 1586 contra
752 1551 787 1588 au
819 1535 908 1590 bellurn

88 1612 272 1666 acunctationo
283 1615 413 1666 tractaret.
439 1609 540 1670 Quibus
548 1607 664 1679 prolium
673 1613 700 1663 et
708 1608 908 1666 festinationem

110 1687 249 1758 placebant,
269 1687 388 1759 disjectos
406 1689 433 1742 ct
449 1685 635 1757 longinquitate
652 1685 756 1740 itineris
777 1687 863 1742 sessos
878 1701 907 1741 ne

111 1766 193 1820 animo
214 1764 317 1836 quidem
334 1764 396 1820 satis
413 1763 445 1818 ad
459 1761 608 1833 obsequium
624 1761 752 1817 coaluisse
770 1763 904 1828 disserunt

110 1842 250 1911 proditores
262 1859 343 1912 nuper
358 1841 495 1910 hostesque
507 1839 570 1910 ejus,
584 1857 659 1909 quem
674 1857 782 1894 rursum
798 1841 904 1896 11111111-

90 1919 206 1974 5Vorum
217 1919 365 1990 Abdageses
377 1916 571 1988 regrediendum
583 1916 611 1969 in
622 1915 844 1986 Mesopotamiam
855 1935 904 1973 cen·

110 1995 193 2062 sebat;
212 1999 242 2051 ut
254 2009 327 2050 amne
345 1995 452 2065 objecto,
471 1992 599 2047 Armeniis
615 1992 719 2047 interim
736 1993 902 2066 Elymaeisque

110 2075 135 2124 et
148 2073 238 2126 ceteris
251 2090 266 2126 a
277 2074 351 2142 tergo
366 2071 463 2136 excitis,
476 2069 546 2123 aucti
557 2069 636 2140 copiis
650 2069 791 2126 socialibus
809 2077 836 2128 et
848 2087 902 2143 ques

88 2146 162 2203 cdux
174 2147 305 2204 Romanus
317 2147 428 2202 misisset
441 2147 570 2201 fortunam
581 2149 722 2201 tentarent.
753 2148 796 2202 Ea
809 2155 900 2204 sentin·

109 2223 146 2276 tia
157 2223 244 2292 valuit,
257 2224 316 2295 quia
332 2223 442 2294 plurima
458 2222 597 2277 auctoritas
615 2239 693 2293 penes
705 2222 899 2296 Abdagesencl

88 2299 233 2354 tTiridates
245 2301 352 2370 ignavus
361 2299 393 2354 ad
404 2299 515 2370 pericula
527 2302 590 2353 crat.
616 2298 667 2354 Sed
678 2299 750 2370 fugae
763 2299 897 2372 specialis

108 2391 218 2440 cessum,
237 2394 266 2430 ac
278 2375 897 2447 11111111131111Α1111111111ο,1111111111

108 2449 202 2503 abeunt
210 2449 378 2506 velinoastra
384 2453 516 2518 Artabani,
524 2451 604 2507 donec
611 2452 741 2509 Tiridates
751 2451 897 2526 cumperti!

107 2525 134 2578 in
147 2525 244 2594 Syriam
256 2531 373 2581 revectus
385 2527 481 2598 pudore
494 2529 645 2600 proditionis
657 2548 749 2586 omnes
761 2533 863 2588 exolvit.

1 2637 2 2640 =
62 2605 99 2656 45
142 2597 215 2653 idem
233 2618 314 2654 annus
332 2603 405 2671 gravi
422 2603 482 2672 igne
500 2605 590 2660 urbem
608 2607 695 2672 afficit,
716 2607 815 2664 deusta
837 2609 895 2680 pule

107 2675 169 2729 circi
181 2691 237 2744 quse
248 2675 377 2731 Aventino
389 2679 517 2749 contigua,
530 2681 637 2754 ipsoque
649 2683 794 2740 Aventino.
832 2675 893 2745 Quod
