1936 2968
252 170 448 220 ANNALIUM
466 171 535 221 XVI.
555 173 658 220 26—30.
786 172 831 220 891

36 235 162 341 rbslitblb
176 285 204 338 et
218 283 373 337 carimonias
391 283 515 354 majorum
531 281 687 353 proditorem
705 279 788 351 palem
806 282 833 336 et

34 361 140 417 bostem
164 361 276 415 Thrasea
293 360 425 414 induisset.
463 360 580 431 Denique
598 377 673 430 agere
691 363 856 415 senatorem

33 441 61 492 et
85 436 211 510 principis
236 436 420 491 obtrectatores
443 440 578 508 protegere
603 435 701 500 solitus,
726 435 832 500 veniret,

32 517 155 569 censeret
173 512 236 583 quid
253 512 347 584 corrigi
364 515 409 567 arat
427 513 522 567 mutari
545 512 636 567 vellet:
661 511 760 566 facilius
777 529 835 582 per·

33 591 139 646 laturos
153 588 253 660 singula
261 589 444 658 increpantem,
462 607 538 659 quam
555 606 625 643 nunc
637 587 765 642 silentium
778 605 834 659 per-

32 667 136 723 ferrent
149 665 233 720 omnia
248 665 398 720 damnantis.
435 666 529 720 Pacem
546 665 583 720 illi
595 683 640 736 per
652 664 737 719 orbern
750 667 856 730 terrea

7 763 66 799 au
91 742 215 798 victorias
239 742 295 796 sine
319 741 411 796 damno
435 742 593 796 exercituum
615 740 767 812 displieere?
791 741 834 796 Ne

30 820 166 876 hominem
181 818 255 873 honis
272 818 379 889 publicis
395 822 521 884 mestum,
539 819 625 888 etqui
642 818 705 883 fora,
724 817 832 882 theatro,

30 897 134 968 templa
152 913 197 964 pro
214 894 349 950 solitudine
365 894 478 960 baberet,
495 895 539 966 qui
556 895 717 949 minitaretur
730 893 834 948 exilium

30 991 120 1037 suurn,
140 969 284 1026 ambitionis
303 990 387 1042 pravae
403 975 545 1042 compotem
563 972 684 1026 iacerent.
720 970 782 1025 Non
797 969 855 1028 illie

29 1049 156 1105 consulta
172 1048 234 1115 haec,
252 1065 304 1102 non
327 1048 494 1119 magistratus
519 1049 564 1102 ant
583 1048 723 1102 Romanmn
743 1046 833 1102 urbem

27 1125 126 1182 videri.
163 1123 334 1194 Abrumperet
348 1124 428 1178 vitam
440 1123 472 1179 ab
490 1141 521 1178 ea
533 1123 644 1188 civitate,
658 1123 730 1194 eujus
743 1123 833 1178 carita-

28 1208 88 1258 tem
109 1200 177 1264 olim,
196 1217 264 1255 nunc
280 1204 307 1254 et
323 1204 455 1272 aspectum
474 1199 595 1254 exuisset.
633 1199 699 1253 (ium
716 1216 762 1269 per
778 1199 877 1258 haec29

28 1285 115 1350 atque
133 1275 195 1330 talia
211 1276 358 1341 Marcellus,
376 1279 479 1331 uteret
497 1279 586 1330 torvus
605 1293 634 1330 ao
651 1275 744 1344 minax,
762 1294 831 1342 voce,

26 1357 118 1421 vultu,
137 1351 217 1406 oculis
235 1352 395 1420 ardesceret;
419 1371 471 1407 non
495 1351 539 1408 illa
562 1355 624 1406 nota
641 1355 668 1407 et
686 1351 833 1408 celebritate

26 1429 206 1506 periculorum
224 1431 297 1482 sueta
311 1429 365 1499 jam
382 1431 487 1483 senatus
502 1428 629 1493 maestitia,
650 1429 695 1483 sed
710 1447 791 1485 novus
805 1435 832 1484 et

26 1509 113 1566 altior
124 1521 210 1575 pavor,
221 1523 311 1560 manus
324 1508 350 1559 et
363 1505 415 1560 tela
424 1504 534 1559 militum
544 1505 714 1560 cernentibus.
752 1505 854 1561 Simul2

24 1585 118 1658 ipsius
142 1580 258 1636 Thrasea
282 1580 434 1636 venerabilis
459 1581 556 1652 species
581 1580 762 1635 obversabatur
769 1603 777 1646 ;
804 1584 831 1636 et

25 1661 110 1719 erant
135 1657 179 1726 qui
203 1656 353 1712 Helvidium
381 1675 482 1728 quoque
510 1657 698 1722 miserarentur,
723 1657 831 1712 innoxiae

23 1733 167 1796 affinitatis
183 1751 269 1803 poenas
288 1733 416 1788 daturum.
453 1732 526 1792 Quid
542 1733 684 1804 Agrippino
703 1732 853 1805 objecturos

20 1814 83 1872 nisi
109 1809 211 1864 tristem
234 1810 315 1880 patris
337 1810 474 1874 fortunam,
495 1809 596 1880 quando
614 1813 641 1864 et
659 1809 701 1864 ille
724 1810 830 1881 perinde

18 1895 156 1950 innocens
173 1884 270 1940 Tiberii
288 1886 386 1941 saevitia
403 1885 563 1941 concidisset.
602 1885 738 1941 Enimvero
755 1887 853 1941 Mon-4

19 1974 123 2026 tanum
147 1961 233 2032 probae
256 1963 369 2034 juventae
395 1981 478 2033 neque
505 1961 596 2016 famosi
620 1962 746 2030 carminis,
771 1963 831 2032 quia

18 2039 172 2119 protulerit
184 2039 323 2109 ingenium,
341 2042 468 2094 extorrem
483 2039 532 2110 agi.
569 2039 770 2109 Atque'interim
782 2039 875 2096 Ora-30

16 2119 116 2178 torius
130 2115 238 2169 Sabinus
257 2115 347 2170 Sorani
363 2119 495 2170 aecusator
512 2114 663 2185 ingreditm,
682 2115 830 2186 orditurque

18 2199 59 2254 de
89 2190 202 2246 amicitia
225 2191 339 2246 Rubellii
362 2191 456 2257 Plauti,
482 2191 600 2262 quodque
624 2191 831 2263 proconsulatum

16 2272 103 2333 Asiae
116 2269 228 2322 Soranus
244 2285 292 2338 pro
310 2268 425 2323 claritate
442 2267 491 2322 sibi
508 2267 594 2338 potius
613 2268 830 2323 accommodatum

15 2365 110 2424 quam
129 2362 162 2398 ex
179 2345 291 2400 utilitate
309 2345 437 2400 communi
460 2345 562 2415 egisset,
582 2344 672 2401 alendo
693 2345 828 2400 seditiones

14 2421 184 2486 civitatium.
220 2421 318 2476 Vetera
329 2423 383 2476 haee
393 2443 398 2475 :
407 2437 408 2440 ’
418 2421 463 2476 sed
474 2439 563 2476 recens
575 2424 602 2475 et
611 2422 680 2492 quod
692 2421 851 2480 discrimini2

10 2499 112 2580 patus
125 2497 203 2551 filiam
212 2498 386 2562 connectebat,
398 2497 465 2568 quod
474 2497 607 2568 pecuniam
616 2497 702 2570 Magis
712 2497 830 2570 dilargita

12 2579 109 2638 esset.
148 2573 284 2630 Acciderat
296 2593 356 2629 sane
368 2574 463 2644 pietate
476 2573 597 2639 Serviliae,
608 2573 647 2644 (id
659 2575 725 2629 enim
737 2588 852 2634 nomene

9 2652 124 2732 puellae
136 2649 207 2719 fuit)
228 2669 284 2722 quae
299 2651 406 2706 caritate
423 2669 485 2721 erga
495 2653 634 2722 parentem,
648 2651 724 2705 simul
734 2651 830 2722 impru-
863 2697 869 2718 ,.
952 2665 954 2672 ·

8 2729 119 2792 dentis
137 2727 230 2793 arato,
249 2732 403 2783 nontamen
421 2726 490 2782 aliud
507 2726 695 2784 consultaverat
710 2745 784 2800 quam
798 2728 830 2784 de
944 2767 964 2806 Α
