1862 2952
64 131 114 180 212
406 127 526 176 TACITI

697 188 734 237 [n
744 188 774 228 u.
784 191 808 230 a
819 189 868 231 soc.

17 241 56 294 50
98 241 117 294 J
119 257 159 294 am
183 238 313 294 'liberium
332 256 432 309 corpus,
450 238 502 308 jam
519 237 594 302 vires,
613 235 727 291 nondum
746 237 892 314 &Q

62 317 125 372 latio
144 315 284 372 deserebat.
320 313 394 369 Idem
411 313 488 368 animi
503 313 587 384 rigor:
607 331 724 367 sermone
742 332 775 368 ac
790 315 872 370 vultu

58 393 187 458 intentus,
213 392 320 464 quaesita
342 389 472 446 interdum
495 389 615 444 comitate
644 389 762 461 quamvis
786 392 873 445 mani-

40 470 156 529 alestam
174 469 343 525 defectionem
360 467 472 539 tegebat.
509 466 671 536 Mutatisque
690 467 786 537 saepius
804 468 873 523 locis

64 546 168 602 tandem
186 545 255 616 apud
278 545 479 617 promontorium
503 543 600 597 Miseni
617 543 733 598 consedit
752 543 782 598 in
798 546 872 610 villa

43 622 108 682 toni
124 622 156 676 L.
169 621 296 677 Lucullus
315 620 443 692 quondam
460 618 585 674 dominus.
621 617 679 673 Illic
698 637 760 672 eum
778 637 874 691 appro

65 699 189 770 pinquarc
202 698 327 768 supremis
339 697 386 752 tali
397 695 471 751 modo
489 698 662 765 compertum:
683 699 740 749 erat
754 696 874 752 medicus

66 778 121 829 arte
146 774 262 846 insignis,
286 773 388 828 nominc
413 770 549 836 Charicles,
574 788 627 825 non
650 769 755 841 quidem
780 790 875 844 regere

66 850 220 906 valitudines
232 850 353 921 principis
379 849 465 914 clitus,
478 847 578 902 consilii
589 851 675 902 tamen
687 848 790 918 copiam
808 867 877 920 prae-

46 926 135 982 lbere,
171 927 200 982 Is
224 926 295 981 velut
312 927 416 996 propria
439 923 471 979 ad
488 923 593 994 negotia
610 922 759 994 digrediens
778 929 808 978 et
828 945 877 996 per

68 1003 179 1073 speciem
204 1003 285 1066 officii,
310 1020 414 1056 manum
442 1000 589 1069 complexus
612 999 715 1069 pulsum
745 1019 878 1057 vanuum

47 1077 164 1148 tattigit.
200 1078 293 1148 Neque
318 1077 425 1132 fefellit:
451 1093 510 1129 nam
533 1074 658 1142 liberius,
682 1075 819 1131 incertum
844 1097 879 1132 an

69 1153 180 1207 offensus
193 1156 316 1224 tantoque
329 1153 411 1224 magis
423 1151 486 1206 iram
498 1169 623 1224 premens,
632 1151 774 1206 instaurari
784 1155 878 1224 epulas

67 1228 149 1299 jubet,
163 1228 349 1299 discumbitque
362 1229 430 1282 ultra
441 1227 553 1294 solitum,
563 1226 636 1298 quasi
646 1226 740 1281 honori
753 1228 878 1290 abeuntis

49 1305 145 1361 danici
167 1303 300 1360 tribueret.
338 1303 466 1358 Charicles
490 1306 576 1356 tamen
600 1301 651 1358 labi
672 1304 807 1374 spiritum,
829 1324 878 1362 uec

70 1383 141 1435 ultra
148 1380 254 1434 biduum
263 1379 421 1444 duraturum,
430 1379 548 1433 Macroni
559 1379 678 1433 firmavit.
702 1379 879 1438 ludecrmcta

71 1455 204 1527 colloquiis
216 1457 285 1510 inter
299 1459 446 1527 presentes,
464 1455 562 1509 muntiis
579 1454 648 1526 apud
662 1454 766 1527 legatos
786 1462 817 1514 ct
836 1477 877 1514 cx·

72 1533 176 1599 ercitus,
201 1531 396 1587 festinabantur.
432 1531 522 1586 XVII.
541 1531 592 1586 kal.
610 1531 709 1620 April}
732 1533 878 1590 interclusa

51 1609 157 1670 tanima
173 1608 285 1664 creditus
303 1613 344 1664 est
361 1608 543 1664 mortalitatem
555 1607 705 1678 explevisse.
742 1610 878 1666 demuto

73 1688 219 1756 gratantum
237 1703 362 1740 concursu
381 1684 414 1740 ad
427 1683 549 1755 capienda
565 1683 665 1754 imperii
684 1685 830 1755 primordia
847 1688 876 1742 G.

74 1763 160 1816 Caesar
183 1761 367 1833 egrediebatur,
388 1780 447 1817 cum
470 1764 575 1832 repente
598 1761 705 1814 affertur
723 1763 813 1819 redire
836 1764 877 1818 'li-
918 1798 923 1807 -

74 1836 146 1893 bario
163 1855 251 1894 vocem
270 1855 299 1892 ao
316 1839 395 1903 visus,
414 1837 549 1907 vocarique
567 1837 612 1906 qui
628 1837 776 1894 recreandae
795 1839 876 1895 defec-

53 1913 142 1968 8tioni
154 1913 238 1968 cibum
250 1915 378 1969 afferrent.
414 1913 498 1968 Pavor
516 1912 575 1966 hinc
586 1912 614 1966 in
631 1930 737 1980 omncs3
757 1920 786 1971 et
798 1917 878 1971 ceteri

75 1990 170 2060 passim
188 1989 307 2060 dispergi,
327 1999 358 2044 ae'
373 1989 479 2060 quisque
497 1991 615 2042 maestnm
633 1992 678 2043 ant
696 1991 817 2046 nescium
833 1992 876 2046 tiu·

76 2085 151 2138 gere3
171 2066 257 2122 Cacsar
275 2068 303 2121 in
315 2067 446 2122 silentium
457 2067 523 2120 fixus
536 2083 661 2119 asumma
679 2085 726 2137 spe
737 2069 876 2124 novissima

55 2141 236 2212 esxpectabat.
271 2143 361 2198 Macro
378 2141 521 2212 intrepidus
540 2141 649 2212 opprimi
670 2160 759 2198 senem
778 2145 875 2216 injectu

76 2218 164 2273 multae
175 2219 254 2274 vestis
267 2219 349 2290 jubet,
363 2218 510 2288 discedique
523 2217 554 2272 ab
565 2217 659 2272 limine.
698 2218 743 2275 Sic
758 2220 874 2276 liberius

33 2293 167 2361 dlfinivit,
186 2299 276 2350 octavo
294 2300 321 2352 et
339 2295 526 2368 septuagesimo
542 2293 625 2348 aetatis
642 2311 716 2348 anno.
755 2295 838 2352 Pater
853 2295 874 2350 ei
919 2341 921 2364 2

78 2369 158 2433 Nero,
184 2373 210 2422 et
234 2371 356 2441 utrinque
380 2371 451 2442 origo
475 2370 559 2441 gentis
584 2369 704 2434 Claudiae,
732 2389 873 2444 quanquam

77 2445 161 2495 mater
171 2442 199 2495 iu
214 2443 315 2498 Liviam
330 2450 355 2500 et
368 2464 428 2500 mox
444 2446 542 2500 Julian
559 2445 680 2499 familiam
695 2443 873 2517 adoptionum

56 2516 216 2573 atransierit.
253 2518 335 2574 Casus
358 2521 441 2590 prima
463 2520 495 2575 ab
513 2520 622 2575 infantia
639 2521 771 2592 ancipites.
809 2524 872 2578 Nam

77 2589 250 2658 proscriptum
267 2596 367 2660 patrem
385 2595 446 2649 exul
464 2599 576 2661 secutus,
590 2595 636 2651 ubi
648 2595 752 2652 domum
762 2598 872 2670 Augusti

77 2664 209 2734 privignus
226 2665 333 2734 muniit,
348 2669 437 2725 mmsis
455 2672 553 2728 summis
570 2674 733 2730 conflictatus
749 2680 798 2743 est,
818 2675 872 2730 dm
