1936 2968
140 125 189 174 ³58
477 118 596 170 raeiri

767 181 807 230 [n.
818 181 848 220 u.
856 182 880 221 o.
890 181 933 223 sir.

137 237 165 289 et
177 233 274 298 Celere,
288 229 380 304 quibus
395 233 527 304 ingenium
540 233 567 287 et
583 229 687 286 audaoia
702 231 766 295 erat,
782 231 863 284 etiam
879 249 934 302 qua

137 313 230 365 natura
247 308 430 380 denegavisset,
443 327 489 380 per
501 313 582 363 artem
599 311 698 362 tentare
710 310 739 360 et
756 306 858 362 viribus
869 308 933 378 prin·

115 385 200 456 teipis
221 385 334 440 illudere.
371 385 489 456 Namque
510 384 542 440 ab
563 385 620 440 laou
639 385 743 438 Averno
764 384 933 454 navigabilem

137 461 231 516 fossam
240 479 321 531 usque
333 461 366 516 ad
374 462 441 516 ostia
451 461 571 516 Tiberirm
578 461 742 532 depressuros
753 461 933 530 promiserat,

115 538 264 608 esqualenti
274 538 357 603 litore,
371 541 416 592 aut
428 555 474 608 per
482 543 582 592 montes
594 537 721 592 adversos.
759 537 857 607 Neque
869 537 933 592 enim

136 613 206 670 aliud
221 613 353 668 humidum
373 613 508 685 gignendis
530 614 602 685 aquis
617 613 729 668 occurrit
746 631 828 683 quam
841 613 933 684 Pomp

136 692 198 746 tina
215 690 335 762 paludes:
357 694 443 746 oetera
460 690 568 760 abmpta
585 694 630 744 aut
647 689 762 755 arentia;
789 707 821 745 aa
839 691 863 744 si
880 708 933 761 per-

136 767 221 838 rumpi
244 769 354 837 possent,
379 766 552 821 intolerandus
574 765 653 830 labor,
677 783 725 820 neo
753 766 818 820 satis
844 784 931 821 musa

115 843 209 898 sNero
230 848 322 906 tamen,
347 846 378 898 ut
401 847 457 897 erat
480 841 664 897 incredibilium
687 841 798 911 cupitor,
824 843 932 897 effodere

136 920 252 990 proxima
262 921 365 974 Averno
375 919 438 990 juga
449 919 568 972 connisus
579 922 636 982 est3
655 921 813 988 manentque
825 919 933 989 vestigia

91 1000 129 1054 43
136 995 215 1050 irrita
227 994 288 1066 spei.
325 995 446 1049 Ceterum
458 993 530 1048 urbis
538 1011 594 1064 qua
606 993 692 1047 domui
704 999 868 1063 supererant,
875 1013 931 1059 non,

136 1074 167 1126 ut
178 1075 237 1142 post
250 1071 346 1126 Gelbes
360 1070 483 1134 incendia,
503 1069 573 1124 nulla
590 1069 753 1124 distinetione
770 1088 820 1125 neo
838 1072 932 1142 passim

136 1147 237 1215 ereata3
256 1148 302 1203 sed
313 1148 433 1204 dimensis
448 1148 562 1202 r'ioorum
573 1147 702 1203 ordinibus
720 1151 748 1202 et
760 1148 822 1203 latis
834 1150 931 1204 riarum

136 1225 225 1294 spatiis
242 1225 403 1296 cohibitaque
419 1224 581 1280 aedificiorum
597 1224 732 1279 altitudine
749 1241 780 1280 ao
795 1226 931 1296 patefaotia

135 1302 208 1366 areis,
233 1301 377 1372 additisque
406 1301 546 1372 porticibus
575 1321 631 1372 qua
654 1301 767 1356 frontem
789 1303 932 1357 insudatum

113 1381 306 1448 2protegerent.
342 1379 394 1433 Eas
406 1379 519 1449 partious
536 1378 607 1433 Nero
619 1395 666 1432 sua
676 1378 786 1448 pecunia
796 1383 932 1434 exaretu-

135 1471 200 1518 rum,
213 1460 385 1526 purgatasque
406 1473 476 1510 areas
491 1455 598 1510 dominis
616 1455 779 1520 truditumm,
797 1456 931 1526 pollicitus

114 1534 183 1586 aest.
219 1530 326 1586 Addidit
337 1531 440 1603 premia
451 1549 498 1602 pro
513 1532 638 1603 cujusque
650 1531 738 1586 ordine
750 1537 778 1586 et
788 1533 830 1586 rei
841 1531 931 1588 famili

136 1608 186 1662 aris
195 1607 282 1677 eopiis,
291 1609 423 1680 linivitque
432 1613 533 1681 tempus
544 1609 613 1663 intra
620 1607 689 1678 quod
701 1608 799 1663 effectis
813 1608 932 1664 domibus

113 1688 181 1739 saut
195 1683 284 1738 insulis
301 1685 481 1754 apisoerentur.
516 1683 616 1740 Ruderi
631 1683 777 1754 aecipiendo
794 1685 932 1740 Qtiensea

135 1758 240 1829 paludes
252 1759 402 1825 destinabat,
415 1760 507 1829 utique
518 1779 595 1816 naves
606 1779 661 1831 quae
672 1761 835 1816 frumentum
846 1761 933 1818 'liberi

135 1837 336 1906 subveetdssent,
349 1843 447 1893 onusta
463 1839 555 1894 rudere
572 1838 754 1903 decurrerent;
772 1839 933 1912 adifieiaque

134 1912 198 1982 ipsa,
208 1917 279 1970 oerta
290 1915 330 1970 sui
339 1919 418 1986 parte,
429 1916 483 1969 sine
491 1915 606 1971 trabibus
618 1933 680 1970 saxo
688 1915 787 1970 Gabino
797 1917 933 1974 Albanove

135 1989 310 2056 solidarentur,
328 1991 396 2062 quod
413 1991 435 2045 is
450 1990 514 2062 lapis
531 1991 632 2062 ignibus
647 1991 785 2063 impervius
803 1998 860 2048 est:
879 1995 933 2066 jam

134 2081 203 2134 aqua
231 2067 387 2136 privatorum
415 2067 519 2122 lieentia
543 2068 685 2139 intersepta
707 2087 759 2139 quo
781 2068 884 2141 largior
907 2075 932 2126 et

133 2139 248 2210 pluribus
259 2142 323 2198 loeis
338 2143 365 2198 in
377 2143 506 2215 publicum
523 2145 621 2210 flueret,
634 2144 762 2210 custodes,
775 2150 805 2200 et
817 2146 932 2202 subsid‘a

133 2217 298 2286 reprimendis
309 2220 411 2290 ignibus
422 2220 451 2274 in
465 2221 601 2292 propatulo
618 2221 726 2292 quisque
738 2221 868 2290 haberet;
886 2236 932 2280 nae
963 2221 965 2226 ’

133 2294 309 2348 eommunione
325 2297 457 2364 parietum,
471 2297 516 2352 sed
532 2298 640 2366 propriis
656 2315 764 2368 queque
780 2300 867 2354 muris
884 2318 933 2355 am

111 2365 256 2422 tbirentur.
292 2369 331 2424 Ea
340 2389 372 2425 ex
383 2371 495 2428 utilitate
505 2373 735 2445 aceeptadeeorem
745 2393 851 2448 quoque
860 2395 932 2434 nove

132 2441 190 2526 prbi
213 2443 330 2500 attulere.
366 2447 449 2504 Erant
472 2453 559 2506 tamen
583 2452 628 2522 qui
655 2452 792 2509 crederent
817 2461 933 2512 veterem

130 2515 199 2568 illam
222 2517 329 2602 termam
352 2521 497 2581 salubritati
519 2527 602 2600 magis
622 2527 784 2596 conduxisse,
811 2533 934 2602 quoniam
964 2537 965 2542 ’

130 2594 255 2653 anguem
263 2591 383 2647 itinerum
391 2600 418 2651 et
430 2599 540 2656 altitudo
549 2608 677 2660 tectorum
689 2625 742 2661 non
750 2607 862 2678 perinde
875 2608 935 2664 solis

129 2673 221 2726 'alme
238 2675 478 2736 perrumperentur:
497 2681 525 2731 at
542 2697 612 2737 nuno
633 2682 749 2753 patulam
764 2683 937 2743 latitudim
