1860 2956
146 135 196 182 280
482 133 604 182 TACITI

732 191 913 247 [cuonem

146 242 323 300 benevolentia
334 261 432 298 mecum
444 244 472 298 in
484 245 615 300 Neronem
631 263 715 300 meum
730 248 838 300 certaret:
853 255 913 296 nnnc

146 339 192 392 per
206 319 374 374 concubinum
385 320 530 375 Atimetum
541 326 568 376 et
579 321 729 376 histrionem
740 320 841 376 Paridem
850 315 911 388 qussi

124 407 231 453 oscenoe
255 395 354 450 fabulas
379 397 515 466 componit.
560 397 683 452 Baiarum
706 416 802 453 sunium
821 394 910 466 piscium

147 471 293 536 extollebat,
313 489 372 526 cum
389 473 453 527 meis
471 473 581 528 consiliis
599 473 703 546 adoptio
720 478 746 530 et
761 469 910 545 pmoonsulue

144 549 187 619 jus
211 551 238 602 et
262 547 406 618 designatio
424 549 572 604 consulatus
596 554 624 604 et
642 555 728 606 cetero
744 547 859 621 apiscendo
873 545 909 599 in·

125 625 216 696 iperio
239 629 452 695 prepararentur.
501 628 557 680 Ant
587 627 682 682 existet
706 627 750 697 qui
770 621 909 682 cohortesin

146 701 208 757 urbe
231 704 352 766 tentatas,
378 702 423 772 qui
445 703 633 772 provinciarum
657 704 731 759 fidem
753 702 906 762 lnbeloctetnn,

146 777 254 849 denique
267 796 353 832 servos
365 778 406 832 vel
424 778 529 834 libertos
541 778 574 833 nd
589 780 673 834 scelus
692 784 815 850 corruptos
828 779 905 846 argunt
926 783 927 850 J

124 855 240 910 8Vivere
252 872 300 926 ego
311 854 460 909 Britannico
477 856 591 926 potiente
607 875 695 910 rerum
710 854 831 927 poteram?
846 847 905 905 Aeni
925 859 927 926 ξ

145 931 254 986 Plautus
266 937 311 985 aut
323 931 379 1001 quis
392 931 455 986 alius
468 932 659 1003 rempublicam
670 933 819 1005 judicaturus
827 927 904 982 oblim
925 927 927 990 l

146 1008 202 1074 erit,
213 1007 306 1062 desunt
313 1007 409 1062 scilicet
418 1007 481 1062 mihi
488 1012 656 1075 accusatores,
666 1010 711 1081 qni
719 1027 768 1064 non
775 1005 840 1062 verbe
846 1004 903 1071 inps
925 1003 927 1014 '

145 1086 237 1140 tientis
248 1085 361 1142 caritatis
376 1085 510 1155 aliquando
526 1086 636 1152 incaute,
656 1087 702 1142 sed
718 1105 747 1142 es
761 1083 850 1141 omina
858 1075 902 1148 objl·

125 1162 222 1230 omont,
232 1162 323 1233 quibus
333 1161 467 1216 nisielilio
479 1161 575 1216 absolvi
584 1181 638 1217 non
648 1164 767 1234 possim.''
794 1158 902 1214 Gonnoi!

147 1239 191 1310 qui
208 1239 321 1303 aderant,
334 1238 453 1309 ultroque
473 1239 578 1309 spiritus
596 1239 653 1310 ejus
670 1229 901 1316 mitigentibusmollff

147 1316 235 1387 quium
255 1315 300 1370 lilii
321 1316 450 1385 exposcit3
476 1315 521 1370 ubi
544 1316 607 1370 nibil
627 1335 675 1388 pro
697 1313 834 1376 innocentis,
851 1321 900 1392 (Μ

147 1391 278 1456 diffideret,
297 1409 344 1446 nec
367 1391 503 1455 beneficiis,
528 1393 600 1463 quasi
620 1394 788 1464 exprobraret,
805 1383 899 1444 dnserss

148 1467 193 1523 sed
215 1469 339 1522 ultionem
362 1468 387 1522 in
410 1468 534 1523 delatores
552 1473 579 1524 et
596 1471 701 1540 praemin
718 1469 797 1524 amicis
813 1458 920 1520 obtinuit·

102 1545 304 1602 22Praefectura
322 1563 427 1600 srmone
444 1545 530 1600 Ilsenio
548 1546 627 1610 Rufo,
648 1565 711 1602 curo
726 1546 837 1608 ludorum,
848 1536 899 1609 quit

149 1623 248 1678 Cessare
264 1622 426 1692 parabantur,
444 1622 568 1677 Arruntio
586 1623 680 1689 Stellae,
698 1624 818 1694 AEgyptu
828 1609 898 1671 ΟΜ·

127 1699 208 1756 2billo
231 1699 423 1769 permittuntur.
473 1699 546 1770 Syrie
567 1698 597 1753 P.
610 1700 706 1754 Anteio
729 1698 851 1755 destinate:
869 1683 898 1742 nl

148 1775 224 1830 variis
240 1792 300 1828 mox
311 1775 409 1830 artibus
426 1775 519 1840 elusus,
534 1773 566 1828 ed
577 1780 734 1845 postremum
744 1776 770 1829 in
779 1772 833 1827 mbe
842 1769 898 1822 mter

148 1856 191 1906 tus
201 1855 248 1906 est.
276 1853 312 1905 At
326 1851 410 1906 Silana
421 1853 448 1906 in
460 1851 560 1906 exilium
574 1855 638 1906 acta.
667 1852 787 1907 Calvisius
797 1839 898 1919 quoqutd

128 1929 247 1983 tlturius
259 1928 413 1999 relegantur.
449 1928 490 1982 De
502 1927 619 1981 Atimeto
635 1929 784 1999 supplicium
797 1923 896 1990 sumptum·

149 2004 268 2059 validiore
281 2005 348 2076 apud
360 2004 476 2059 libidines
492 2003 613 2075 principis
631 2005 723 2060 Paride
739 2021 807 2075 qnam
817 2003 897 2066 utpt'lu

149 2081 298 2136 afficeretur.
335 2081 442 2136 Plautus
460 2079 493 2134 nd
515 2099 626 2151 presens
650 2081 751 2137 silentio
773 2073 896 2134 transmittiA

2 2183 3 2190 ¹
78 2173 85 2184 ·
149 2162 197 2212 cst.

34 2182 144 2300 so}
183 2234 343 2289 Deferuntur
357 2233 447 2288 dehinc
463 2233 620 2288 consensisse
637 2233 722 2288 Pallas
739 2249 767 2288 nc
781 2218 894 2287 Burrutll

150 2311 282 2366 Cornelius
296 2310 372 2374 Sulla„
386 2309 536 2365 claritudine
547 2310 649 2380 generis
662 2314 689 2365 et
701 2308 813 2365 affinitate
821 2294 892 2357 emb

2 2411 3 2444 i
149 2386 191 2438 cui
202 2404 247 2454 per
258 2387 361 2454 nuptias
373 2386 494 2440 Antoniae
505 2404 584 2456 gener
595 2390 659 2451 erat,
672 2386 705 2441 ed
719 2383 837 2456 imperium
849 2387 892 2430 vt*

2 2467 3 2472 ’
127 2463 226 2512 2retur.
262 2460 327 2528 Ejus
340 2461 507 2514 accusationis
520 2465 610 2516 auctor
628 2463 719 2517 extitit
731 2451 903 2525 Paetusquidltt·

139 2533 292 2599 'exercendis
311 2535 378 2602 apud
394 2536 510 2591 serarium
528 2539 687 2594 sectionibus
706 2541 816 2600 famosus,
830 2535 849 2586 tl
859 2532 891 2580 ll*

126 2606 265 2658 tvanitetis
286 2607 443 2662 manifestus.
481 2611 538 2666 Nec
559 2617 613 2668 tem
634 2620 711 2686 grnte
730 2610 836 2669 Pallantis
849 2606 891 2658 iun

40 2758 49 2759 ἶ
146 2679 229 2729 centia
252 2697 327 2746 quem
350 2683 435 2750 gravis
455 2687 578 2755 superbio
601 2689 667 2746 luit:
688 2693 779 2764 quippe
799 2673 890 2743 nomintll
