1866 2944
239 345 273 404 O.
309 343 574 404 CORNELII
614 343 815 403 TAOITI

259 491 307 544 AB
330 491 489 545 Excusso
506 489 588 542 DIVI
606 487 767 542 AUGUSTI

120 637 927 728 ANNALIUM

374 805 484 860 LIBER
502 803 662 858 TERTIUS.

93 999 107 1051 l
152 996 241 1050 Nnnn
249 997 393 1051 intermissa
401 996 562 1068 navigatione
570 995 669 1051 hiberni
677 995 773 1064 maris,
783 999 925 1071 Agrippi!

117 1071 254 1144 Coroyram
277 1073 384 1127 insulam
408 1073 550 1138 advehitur,
574 1072 652 1126 litora
674 1071 815 1130 Galam-ise
842 1081 932 1132 eom

116 1147 199 1203 sitam.
235 1149 293 1203 Illic
311 1167 405 1219 paueos
424 1149 479 1204 dies
498 1148 671 1219 componendo
691 1148 786 1204 animo
810 1153 922 1218 insumit

93 1224 227 1283 2violenta
249 1225 322 1279 luotu
345 1229 372 1280 et
395 1226 481 1280 neseis
500 1224 633 1279 tolerandi.
669 1224 789 1280 [nterim
815 1228 923 1283 advenit

116 1301 172 1371 ejus
184 1300 271 1355 audito
283 1301 389 1356 intimus
401 1302 508 1372 quisque
527 1301 665 1355 amioorum
676 1303 705 1354 et
722 1300 855 1374 plerique
869 1301 926 1358 mm

114 1379 190 1441 tates,
204 1384 234 1431 ut
247 1377 340 1447 quique
353 1377 401 1432 sub
414 1378 564 1432 Germanico
577 1375 704 1446 stipendia
715 1376 855 1445 ieoerant,
868 1377 926 1434 mut·

114 1453 185 1524 tique
198 1453 275 1507 etiem
289 1454 373 1524 ignoti
388 1453 478 1508 vicinis
497 1453 675 1522 emunioipiis,
690 1470 754 1522 pars
772 1455 907 1511 officium'

114 1529 253 1598 prinoipem
274 1531 331 1593 rati,
350 1529 436 1599 plnres
457 1530 514 1585 illos
533 1529 624 1593 secuti,
644 1546 721 1582 ruere
741 1530 780 1584 ad
803 1533 868 1602 opp'

114 1603 287 1670 Brundisium,
305 1605 374 1676 quod
389 1606 521 1676 naviganti
537 1605 697 1660 osterrimum
712 1604 924 1678 fidissimum·

92 1681 222 1751 &appulsu
239 1685 302 1735 erat.
338 1683 425 1752 Atque
442 1682 488 1736 ubi
501 1682 612 1752 primum
630 1699 662 1735 ex
676 1681 729 1735 alto
748 1683 811 1737 visa
829 1683 925 1748 ὠὴ

114 1756 272 1826 complentur
291 1775 343 1812 non
362 1757 438 1812 modo
461 1761 551 1828 portus
575 1763 603 1811 et
623 1757 742 1827 proxima
764 1760 857 1824 maris,
882 1755 925 1814 sd

112 1833 205 1887 moenia
216 1851 246 1888 ae
258 1836 335 1897 tecta,
350 1852 449 1904 quaque
465 1833 613 1904 longissime
630 1836 798 1903 prospectari
812 1837 923 1905 potem,

112 1909 271 1962 merentium
284 1908 361 1963 turba
372 1913 399 1964 et
415 1909 582 1980 rogitantium
596 1909 665 1963 inter
684 1927 713 1964 se
728 1911 879 1966 silentione
893 1925 925 1966 ι

89 1992 173 2037 4voee
186 1983 270 2054 aliqua
287 1984 461 2054 egredientem
478 1986 632 2055 exciperent.
669 1984 769 2054 Neque
784 1989 855 2041 satis
867 2003 923 2043 ou·

115 2060 200 2114 etabet
221 2059 283 2130 quid
303 2079 350 2129 pro
370 2064 485 2130 tempore
504 2061 579 2124 foret,
600 2077 659 2114 eum
680 2060 775 2116 classis
797 2081 836 2133 pa
892 2061 899 2074 '

111 2136 242 2202 euooessit,
254 2153 307 2189 non
319 2135 402 2200 aleon,
416 2140 447 2190 ut
464 2136 569 2200 adsolet,
582 2136 696 2206 remigio,
710 2137 761 2191 sed
773 2141 884 2194 cunetis

87 2210 246 2265 ttristitiam
263 2211 419 2282 oompositis.
457 2213 597 2282 Postquam
618 2210 718 2266 duobus
738 2231 801 2268 eum
825 2215 850 2270 li
895 2215 903 2226 “

111 2285 217 2340 feralem
229 2305 320 2341 urnam
332 2293 430 2352 tenens,
444 2307 547 2358 egressa
562 2288 622 2342 navi
637 2288 725 2342 defixit
736 2290 845 2356 oeulos,
862 2293 868 2304 '

109 2361 223 2413 omnium
235 2363 364 2430 gemitus:
382 2381 465 2433 neque
483 2363 638 2419 discerneres
656 2365 797 2434 proximos,
815 2369 857 2422 ali

109 2431 223 2485 virorum
248 2435 430 2491 feminarumve
451 2439 577 2506 planetus,
597 2439 648 2493 nisi
669 2440 739 2509 quod
762 2443 838 2498 eomi
909 2501 912 2503 ,

109 2503 256 2570 Agrippina
276 2509 353 2577 longo
372 2529 477 2566 merore
494 2514 593 2568 fessum
614 2515 685 2569 obvii
702 2518 729 2569 et
749 2525 884 2576 recentes

83 2571 194 2625 2dolore
218 2579 357 2647 anteibant.
394 2584 503 2640 Miserat
534 2588 597 2642 duas
626 2591 763 2658 pretoriae
791 2596 856 2648 ooh

110 2643 202 2706 Caesar,
223 2649 308 2703 addito
332 2659 362 2705 ut
386 2659 551 2726 magistratus
573 2664 697 2719 calabrie
727 2667 877 2740 Apulique
