1960 2952
153 155 185 205 46
493 153 615 202 TACITI

795 215 830 264 [n.
841 215 872 254 s.
882 217 904 255 c.
915 210 960 259 rat

153 266 266 322 fluminis
290 266 367 321 Ateio
392 265 514 336 Capitoni
539 269 566 319 et
593 266 625 319 L.
645 263 771 320 Arruntio
800 265 961 320 mandatum.

130 344 276 399 4Achar‘am
294 361 323 398 ac
339 341 524 406 Macedoniam,
542 359 620 396 onera
634 341 808 413 deprecantes,
830 340 913 396 levari
936 344 965 398 in

153 439 264 492 praesens
283 419 457 490 proconsulari
477 419 584 490 imperio
600 418 718 489 tradique
740 417 835 472 Caesari
854 419 963 489 placuit.

130 497 266 554 tEdendis
286 497 476 570 gladiatoribus,
498 515 562 566 quos
582 495 727 550 Germanici
747 495 833 548 fratris
856 514 887 550 ac
915 515 964 553 suo

153 576 255 630 nomine
285 574 421 638 obtulerat,
451 574 555 627 Drusus
588 572 716 642 presedit,
742 589 889 642 quanquam
918 573 964 629 vili

153 653 276 725 sangiune
288 651 363 706 nimis
376 649 490 722 gaudens
501 673 508 715 ;
529 649 598 720 quod
609 649 637 704 in
649 649 743 720 vulgus
755 648 962 715 fonnidolosum,

129 734 179 786 oet
200 735 273 801 peter
294 729 409 801 arguisse
430 727 570 782 dicebatur.
611 727 665 781 Cur
686 725 840 780 abstinuerit
858 733 958 798 specta

151 808 209 863 culo
230 808 292 878 ipse,
313 806 382 860 varie
401 804 557 869 trahebant;
578 804 621 858 alii
643 803 720 858 taedio
742 807 830 867 coetus,
854 805 964 874 quidam

151 885 258 939 tristitia
273 883 369 952 ingenii
387 887 414 937 et
430 886 503 936 metu
519 880 722 951 comparationis,
740 880 802 950 quia
818 881 964 951 Augustus

127 961 258 1020 t'conriter
276 959 443 1015 interfuisset.
481 957 543 1012 Non
560 956 710 1012 crediderim
726 955 759 1010 ad
777 958 963 1014 ostentandam

151 1038 274 1093 saevitiam
286 1035 473 1105 movendasque
482 1034 570 1105 populi
578 1033 730 1088 offensiones
748 1051 900 1089 concessam
909 1037 965 1091 filio

104 1146 106 1150 ·
150 1116 289 1178 materiem,
304 1131 448 1184 quanquam
465 1111 492 1165 id
504 1128 605 1182 quoque
624 1109 721 1164 dictum
734 1115 782 1165 est.

105 1202 140 1260 77
186 1201 222 1254 At
238 1198 334 1254 theatri
349 1196 460 1260 licentia,
477 1195 593 1266 proximo
610 1195 695 1265 priore
713 1213 779 1249 anno
795 1199 889 1266 erepta,
904 1216 962 1268 gra-

149 1277 206 1332 rius
219 1281 276 1330 tum
286 1274 378 1346 erupit,
391 1273 481 1327 occisis
500 1289 552 1326 non
569 1271 645 1326 modo
657 1289 671 1326 e
683 1271 758 1342 plebe
772 1271 817 1326 sed
829 1273 964 1331 militibus

150 1358 177 1408 et
189 1352 344 1416 centurione,
356 1350 489 1405 vulnerato
502 1348 607 1403 tribuno
619 1349 745 1419 praetoriae
758 1349 882 1415 cohortis,
897 1351 962 1407 dum

150 1429 242 1500 probra
253 1430 281 1483 in
299 1427 465 1499 magistratus
479 1431 505 1480 et
523 1425 706 1480 dissensionem
724 1424 795 1497 vulgi
807 1427 966 1496 prolubent'

126 1509 245 1560 2Actum
262 1505 294 1560 de
306 1523 336 1561 ea
354 1503 479 1559 seditione
496 1501 564 1573 apud
576 1505 669 1572 patres,
684 1500 891 1574 dicebanturque
906 1525 962 1560 sen·

149 1583 237 1637 tentia
255 1587 285 1637 ut
303 1581 455 1654 praetoribus
470 1580 513 1650 jus
530 1579 660 1649 virgarum
675 1579 703 1633 in
718 1579 860 1635 histriones
879 1587 960 1638 esset

125 1659 300 1714 tintercessit
318 1657 443 1714 Haterius
462 1657 577 1728 Agrippa
596 1656 716 1711 tribunus
735 1656 827 1728 plebei,
848 1658 961 1731 increpi-

147 1742 242 1808 tusque
254 1741 294 1792 est
306 1736 390 1791 Asinii
409 1734 476 1790 Galli
492 1733 614 1798 oratione,
628 1733 719 1787 silente
737 1734 849 1803 Tiberio,
863 1739 913 1807 qui
932 1755 961 1792 es
976 1749 977 1752 ’

124 1815 283 1869 ⁴ssimulacra
306 1813 432 1870 libertatis
454 1810 555 1866 senatui
578 1809 716 1882 praebebat.
754 1810 848 1865 Valuit
870 1817 961 1869 tamer

148 1892 307 1959 intercessio,
332 1891 393 1962 quia
416 1889 491 1943 divus
512 1890 648 1958 Augurstus
669 1887 796 1942 immunes
815 1889 965 1945 verberum·

147 1969 284 2025 histriones
301 1969 428 2042 quondam
443 1967 617 2038 responderat,
634 1983 717 2036 neque
734 1967 773 2020 fas
792 1965 905 2024 'liberio
925 1968 975 2024 in-'·

124 2046 258 2118 stringere
276 2047 345 2103 dicta
359 2048 422 2118 ejus.
459 2046 500 2099 De
513 2043 588 2098 modo
606 2043 699 2098 lucaris
714 2048 741 2098 et
759 2043 890 2100 adversus
912 2047 960 2102 las·

147 2130 236 2185 civiam
252 2131 382 2186 lautorum
398 2129 479 2184 multa
495 2127 682 2194 decemuntur3
708 2145 740 2182 ex
761 2128 817 2198 quis
843 2131 959 2185 maxime

145 2207 262 2279 insignia,
275 2227 307 2263 ne
320 2207 408 2262 domos
421 2205 635 2278 pantomimorum
647 2208 751 2260 senator
762 2205 908 2273 introiret;
928 2225 960 2262 ne

146 2285 306 2355 egredientes
317 2285 345 2339 in
361 2284 491 2356 publicum
508 2281 606 2352 equites
623 2281 734 2336 Romani
749 2282 899 2353 angerent,
916 2287 959 2340 aut

146 2360 206 2416 alibi
227 2380 303 2432 quam
326 2363 353 2416 in
376 2362 478 2415 theatro
503 2362 695 2430 spectarentur;
723 2361 750 2412 et
774 2363 959 2429 spectantium

144 2437 334 2492 immodestiam
347 2438 423 2492 exilio
436 2435 560 2491 multandi
572 2439 687 2507 potestas
700 2436 860 2507 praetoribus
874 2439 959 2494 fieret

100 2515 135 2575 78
180 2513 314 2583 Templum
332 2519 362 2567 ut
379 2515 406 2568 in
425 2513 523 2576 colonia
537 2513 721 2568 Tarraconensi
737 2519 892 2569 strueretur
906 2519 960 2570 Au-

145 2595 223 2662 gusto
247 2590 393 2660 petentibus
420 2589 545 2662 Hispanis
569 2591 728 2662 permissum,
754 2589 906 2664 datumque
932 2593 975 2646 in

121 2676 233 2722 tomnes
247 2666 389 2737 provincias
401 2671 552 2738 exemplum.
591 2669 759 2724 Centesimum
772 2687 864 2723 rerum
878 2687 957 2724 vena·

143 2745 213 2810 lium,
233 2753 292 2814 post
311 2742 377 2798 bella
393 2744 476 2798 civiba
492 2746 645 2813 institutam,
665 2747 817 2818 deprecante
841 2747 954 2818 populo,
