1862 2952
169 117 215 170 lte
500 117 619 168 unum

793 176 927 230 [inorsa

167 229 270 286 interim
292 230 400 300 repertis
422 229 494 286 vadis
522 231 588 286 alam
611 230 802 295 Canninefatem,
821 233 842 283 et
863 223 929 297 quod

167 306 283 378 peditum
302 307 485 362 Germanorum
506 308 575 363 inter
590 313 692 363 nostros
708 307 819 371 merebm,
833 304 924 359 circum·

168 382 241 454 gredi
258 387 333 454 terga
354 383 467 438 hostium
487 383 579 455 jubet;
605 385 650 455 qui
671 385 723 456 jam
745 384 794 438 anie
813 375 922 450 oomposih'

168 458 266 528 peliunt
286 463 385 513 turmus
404 459 509 514 sociales
532 460 681 531 equitesque
698 459 816 532 legionum
829 449 922 510 subsidio

144 535 267 590 amissos.
302 535 369 590 'ihm
380 539 433 590 tres
445 535 513 590 leves
525 535 650 601 cohortes,
664 554 693 591 ae
708 553 802 591 rursum
811 532 863 595 dua,
874 527 921 584 dein

168 614 282 682 tempore
300 610 435 682 interjecto
452 611 545 666 elutius
562 630 640 682 eques
657 612 788 666 immissus.
819 606 875 661 sais
888 620 921 658 m·

168 685 220 752 lidi,
233 687 257 741 si
268 687 344 742 simul
355 686 537 752 incubuissent,
550 706 595 759 per
613 688 770 743 intervallum
786 685 921 740 adantum

168 781 251 833 neque
268 763 436 818 eonstantiam
453 763 602 818 addiderant
619 763 737 828 turbatis,
755 767 780 817 et
797 776 874 830 priore
889 756 920 810 h·

145 839 293 910 egientium
305 838 491 894 auferebantur.
518 839 633 911 Cethego
644 840 757 895 Labeoni
762 839 836 909 legato
846 833 921 905 quint·

169 915 282 986 legionis,
296 915 364 986 quod
375 915 501 986 reliquum
516 915 676 982 auxiliorum,
688 916 772 971 tradit.
803 915 876 982 Atque
889 905 921 962 db

169 991 246 1046 dubia
257 1009 359 1046 suorum
376 1009 412 1056 re,
424 992 452 1045 in
467 1009 559 1062 anoeps
576 996 683 1058 tractus,
696 992 776 1047 missis
791 988 921 1044 nuntiisue

146 1067 295 1138 alogiorum
307 1067 466 1138 implorabat.
501 1068 677 1139 Prorumpunt
689 1067 797 1140 quintani
807 1070 859 1120 aute
868 1061 920 1122 elim

169 1146 196 1198 et
217 1144 269 1199 aori
288 1162 375 1215 pugna
392 1144 468 1198 hoste
484 1143 558 1214 pulso
575 1145 702 1216 recipiunt
719 1145 828 1200 cohortes
843 1140 919 1206 disq!

145 1219 249 1275 efessas
272 1218 426 1274 vulneribus.
463 1219 555 1291 Neque
579 1219 630 1275 dux
655 1221 783 1276 Romanus
804 1211 917 1274 mamm

169 1300 215 1351 aut
227 1314 332 1366 eorpora
342 1296 464 1361 humavit,
477 1315 621 1368 quenquam
631 1297 707 1352 multi
721 1297 864 1352 tribunorum
875 1303 918 1361 pl*

145 1379 160 1431 ⁷
170 1371 345 1442 iustorumque
356 1378 383 1426 et
401 1373 513 1444 insignes
525 1374 686 1428 uenturiones
698 1373 846 1429 oeoidissent.
873 1365 918 1421 Μ

169 1451 326 1520 compertum
339 1466 356 1503 a
371 1448 511 1520 transfugis
528 1453 671 1521 nongentos
690 1450 858 1511 Romanorum,
872 1435 917 1512 qm

168 1524 254 1579 lucum
270 1543 346 1596 quem
364 1523 527 1580 Baduhennae
550 1531 649 1591 vooant,
673 1545 760 1598 pugna
777 1527 804 1582 in
822 1527 916 1597 pssum

170 1613 284 1664 extracta
295 1609 439 1674 eonseotos;
458 1614 485 1665 et
496 1609 570 1664 aliam
588 1610 826 1683 quadringentorum
837 1617 915 1662 manum

170 1689 293 1756 oocupata
310 1685 467 1756 Omptoriois
485 1685 611 1758 quondam
630 1687 787 1759 stipendiumi
801 1685 858 1747 ville
869 1679 916 1750 W

170 1780 245 1832 quam
257 1762 367 1833 proditio
378 1762 547 1828 metuebatur,
559 1764 657 1818 mutuis
675 1764 768 1820 ictibus
783 1756 915 1836 procubuit&

125 1839 162 1894 74
171 1839 274 1894 Clarum
297 1837 355 1893 inde
378 1838 446 1892 inter
470 1839 607 1893 Germanos
631 1839 743 1894 hhisium
765 1856 854 1900 nomen,
868 1831 915 1885 dt*

170 1916 283 1969 mutante
306 1913 407 1970 Tiberio
431 1913 529 1979 damna,
551 1933 584 1970 ne
607 1916 650 1970 eui
674 1916 767 1971 bellum
789 1903 913 1988 permittam

146 1991 262 2062 2Nequo
285 1995 389 2045 senatus
406 1990 433 2044 in
451 2009 481 2045 eo
499 2009 567 2056 eura,
586 2009 619 2046 an
636 1992 736 2063 imperii
752 2000 855 2048 extrema
867 1980 914 2060 dett,

170 2071 347 2122 aestarentur:
365 2085 444 2136 pavor
467 2067 582 2122 internus
603 2073 771 2139 oooupuverat
787 2067 912 2138 animoa?

146 2144 309 2204 aremedium
327 2144 471 2198 adulatione
495 2144 663 2215 querebatur.
699 2146 743 2200 Ita
760 2128 912 2217 quemquami*

169 2220 250 2274 versis
281 2238 357 2290 super
386 2219 462 2275 rebus
486 2221 685 2291 oonsulerentur,
709 2240 779 2276 aram
794 2213 911 2294 ‘Olemwhh

170 2314 239 2350 uram
257 2296 391 2360 Amicitiae,
413 2297 558 2368 effigiesque
578 2298 673 2353 eiremn
694 2298 801 2354 cesaris
819 2312 843 2350 ae
859 2289 910 2372 Stlffl,

169 2390 305 2435 eensuere;
324 2372 469 2443 crebrisque
487 2374 604 2444 precibus
617 2375 796 2446 efflagitabant,
807 2363 881 2428 visent
899 2380 900 2395 ’

145 2448 267 2518 4οορὶαηι
279 2447 400 2502 facerent.
435 2449 497 2505 Non
508 2449 545 2506 illi
556 2455 643 2506 tamen
658 2451 687 2507 in
697 2451 787 2507 urbem
798 2451 836 2504 aut
847 2461 859 2513 p
871 2456 895 2483 ‘⁴¹

169 2543 220 2596 qua
236 2524 294 2579 urbi
306 2523 419 2594 degressi
437 2533 514 2584 sunt:
534 2530 597 2586 satis
614 2532 698 2588 visum
715 2530 829 2586 omittere
854 2548 857 2567 ·
875 2540 877 2559 ¹
893 2532 895 2551 ¹

144 2607 196 2662 set
215 2602 243 2656 in
265 2599 381 2672 proximo
403 2601 548 2674 Campania
571 2609 658 2680 aspici.
694 2610 734 2665 Eo
757 2604 837 2661 venire
853 2611 897 2672 ΡΙ”’
