2030 3000
236 145 437 196 ANNALIUM
453 141 516 196 ΧΠ.
535 149 638 197 35-38.
797 151 843 198 261

41 207 168 313 lum
192 258 285 324 astitit,
307 259 335 314 iu
355 259 424 314 hune
443 259 547 314 mudum
564 257 668 314 loeutus
685 259 796 313 see-‘¹
807 259 844 324 ei,

43 339 142 404 quantu
151 334 274 390 nobilitas
285 339 313 390 et
325 336 430 390 fortuna
444 335 507 390 milui
518 335 576 400 luit,
588 338 663 390 tenta
673 352 760 390 reram
775 352 845 406 pros

42 428 164 480 peretum
174 409 317 466 moderatio
328 411 428 477 luisset,
442 412 537 467 umious
549 411 636 482 potius
647 411 675 466 in
683 409 748 466 bano
755 411 845 466 urbem

9 525 10 552 2
44 505 120 557 quem
138 491 233 558 eaptus
257 488 393 552 venissem,
411 505 493 559 neque
513 486 665 559 dedignatus
683 505 752 542 esses
769 487 845 543 oleris

42 562 185 634 majoribus
201 568 297 628 ortum,
316 564 432 635 pluribus
448 564 568 635 gentibus
586 563 783 636 imperitantem,
800 563 845 618 lte·

43 641 104 696 dere
114 643 187 712 paois
201 642 323 713 eeoipere.
359 642 475 697 Praesens
494 659 549 696 sors
567 659 624 697 mea
640 645 671 696 ut
688 641 751 696 mihi
768 641 869 697 infor-2

42 719 100 783 mis,
110 719 150 773 sie
167 717 219 773 tibi
236 717 371 789 magnifiee
388 721 436 773 est.
472 718 562 774 Habui
579 735 666 790 equos,
678 718 756 784 viros,
768 735 845 785 arms,

42 814 112 866 opes.
148 794 224 855 Quid
236 796 337 862 mirum,
356 797 379 852 ai
390 797 444 852 brea
457 796 554 852 inritus
566 797 658 851 umisil’
677 797 752 860 llam,
765 797 787 851 si
798 811 869 857 ross

42 873 159 928 omnibus
171 874 321 944 imperitare
330 873 416 940 vultis,
425 874 541 945 sequitur
552 877 582 929 ut
594 891 682 929 omnes
694 873 845 928 servitutem

42 950 190 1020 eoupieutl
209 949 233 1004 ei
250 950 339 1004 stetim
358 949 460 1004 deditus
477 949 600 1014 traderer,
619 967 702 1020 neque
719 967 777 1004 mee
794 949 844 1004 for·

42 1029 104 1080 tuns
114 1044 202 1096 neque
213 1029 261 1080 tua
278 1026 360 1097 glorie
377 1025 545 1082 inclaruisset.
581 1027 617 1082 Et
629 1025 782 1097 supplicium
793 1027 869 1081 meis

42 1101 133 1157 oblivio
146 1105 311 1173 sequeretur:
325 1105 352 1156 et
365 1102 388 1156 si
395 1102 546 1157 ineolumem
560 1103 708 1167 servaveris,
718 1106 844 1158 eternum

43 1179 172 1250 exemplar
184 1178 325 1234 clementie
338 1180 407 1233 ero.”
442 1178 486 1234 Ad
497 1197 527 1234 ea
539 1179 624 1234 Cesar
630 1178 731 1234 veniam
743 1179 844 1250 ipsique

43 1267 67 1316 et
79 1263 186 1334 conjugi
197 1266 225 1318 et
237 1262 360 1318 frutribus
377 1262 476 1318 tribuit.
513 1265 600 1334 Atque
615 1263 654 1318 illi
664 1263 754 1319 vinclis
771 1263 867 1322 absos

41 1339 88 1393 luti
111 1339 285 1411 Agrippinam
309 1357 418 1411 quoque,
438 1339 508 1394 baud
529 1339 616 1411 procul
642 1340 691 1395 alio
715 1345 844 1413 suggestu

42 1416 212 1487 euuspieuam,
233 1416 326 1486 isdem,
348 1416 440 1488 quibus
461 1417 607 1488 prinoipem,
629 1416 745 1473 laudibus
766 1418 843 1490 grati-

42 1489 138 1564 busque
151 1494 269 1548 venerati
281 1498 351 1549 suut.
376 1494 480 1549 Novum
493 1512 552 1548 sane
565 1497 591 1549 et
602 1493 716 1550 moribus
728 1498 867 1554 veterume

42 1570 181 1640 insolitum,
204 1571 326 1626 seminem
356 1571 436 1644 siguis
460 1571 583 1627 Romanis
606 1571 758 1643 presidere:
787 1572 844 1642 ipsa

43 1651 120 1702 semet
144 1647 216 1718 perti
232 1666 249 1702 s
265 1647 404 1720 majoribus
426 1647 479 1702 suis
499 1647 600 1719 imperii
621 1648 716 1704 sociam
735 1647 841 1708 ferebat.

45 1722 133 1780 Voeati
151 1724 261 1795 posthae
278 1729 368 1796 patres
379 1723 462 1780 multa
481 1728 508 1781 et
524 1725 659 1797 magnifiee
676 1743 753 1795 super
764 1726 842 1796 eapti·
851 1730 889 1784 38

40 1801 119 1857 vitate
148 1801 284 1857 Genetaei
307 1800 457 1868 disseruere,
481 1821 565 1874 neque
588 1802 673 1857 minus
696 1801 724 1856 id
747 1801 842 1858 olerum

41 1895 115 1948 quam
135 1878 207 1950 quod
225 1879 367 1950 Sypbeoem
385 1879 415 1934 P.
429 1879 522 1951 Scipio,
544 1880 642 1934 Persen
653 1879 684 1934 L.
697 1877 801 1944 Paulus,
815 1883 841 1935 et

40 1955 61 2009 si
84 1957 129 2026 qui
154 1955 199 2010 alii
221 1956 322 2011 vinutos
342 1974 416 2028 reges
439 1956 534 2027 populo
556 1955 674 2012 Romano
697 1955 840 2012 ostendere.

41 2031 186 2087 censentur
205 2031 311 2087 Ostorio
330 2033 455 2104 triumphi
474 2032 593 2104 iusignia,
615 2032 743 2104 prosperis
762 2032 795 2087 ad
814 2034 864 2090 ide

39 2108 114 2164 rebus
128 2109 195 2179 ejus,
206 2126 268 2163 mox
285 2108 427 2180 ambiguis3
440 2109 494 2164 sive
511 2113 596 2164 emoto
609 2109 754 2175 Garaotuoq
768 2111 841 2182 quasi

39 2184 196 2240 debellatum
212 2185 288 2253 foret,
306 2185 390 2241 minus
406 2185 506 2240 intenta
523 2185 592 2258 apud
608 2204 654 2242 nos
672 2187 763 2242 militia
780 2188 838 2256 fuit,
857 2207 861 2220 ¹

38 2262 90 2317 sive
107 2262 199 2317 hostes
218 2261 380 2318 miseratione
397 2262 465 2317 tanti
481 2263 550 2334 regis
568 2263 651 2318 sorim
668 2263 700 2319 ad
715 2263 839 2322 ultionem

39 2356 163 2394 exarsere.
194 2339 351 2394 Praefeotum
360 2347 502 2394 castrorum
514 2342 540 2394 et
553 2338 862 2410 legionariasoohortes,e
900 2341 904 2348 ’

40 2414 188 2470 extruendis
206 2414 276 2486 apud
295 2413 390 2470 Silures
409 2415 532 2486 presidiis
555 2416 667 2482 relictus,
686 2415 839 2473 oiroumluuss

39 2490 109 2547 dunt.
132 2491 389 2562 Aeuieito†eviois
397 2498 424 2546 et
433 2491 543 2547 bustellis
553 2493 674 2563 proximis
684 2492 864 2548 subventurus

38 2567 110 2633 foret,
134 2564 215 2638 eoplae
239 2571 297 2622 tum
320 2567 450 2623 oeoidioue
473 2567 661 2622 occubuissent.
696 2569 838 2624 Preleotus

39 2648 122 2698 tamen
143 2648 171 2698 et
190 2648 249 2699 ooto
273 2644 436 2699 centuriones
456 2661 485 2698 se
501 2643 708 2714 promptissimus
732 2641 838 2709 quisque

40 2719 201 2792 emanipulis
212 2719 334 2776 cecidere.
370 2719 429 2775 Nee
443 2719 525 2775 multo
541 2722 601 2790 post
621 2717 771 2789 pabulantes
789 2725 867 2772 nost
