2026 2992
36 213 130 273 ms&
141 213 201 274 ²⁷·]‚
241 151 441 200 ANNALIUM
459 149 503 200 IV.
515 151 618 200 ts-et.
787 149 832 198 let

35 262 140 331 juvenis,
160 279 262 318 emman
275 281 308 317 ex
325 262 434 328 silentio,
451 281 484 318 ex
497 279 567 317 νοω.
602 260 645 316 Ne
662 277 714 316 nox
731 257 858 330 quidem*

38 355 129 404 secura
144 357 210 393 oum
222 356 289 393 uxor
298 339 407 410 vigilias,
420 356 529 404 somnos,
542 337 651 410 suspiria
657 335 734 392 matri
745 335 833 402 Livias,

37 419 110 484 atque
133 415 186 468 illa
210 415 309 486 Sejano,
335 415 505 486 patefaoeret3
536 414 581 485 qui
604 414 709 468 tratrem
732 429 833 483 quoque

37 491 149 547 Neronis
162 493 283 546 Drusum
293 492 374 546 traxit
386 492 519 563 imputes,
537 509 582 562 spe
596 491 697 562 objeota
711 489 833 561 prineipis

34 567 88 633 loci,
111 569 135 623 si
158 568 273 639 priorem
294 571 370 624 aetate
388 571 415 623 et
429 569 482 640 jam
498 567 653 622 labefactum
671 565 831 622 demovisset.

33 647 120 701 Atrox
140 645 227 699 Drusi
246 645 384 716 ingenium,
406 663 483 716 super
503 643 647 715 cupidinem
664 642 785 715 potentia
806 646 856 698 ett

34 721 112 776 solita
123 720 251 776 iratribus
263 719 328 787 odia,
345 721 530 777 aooendebatur
546 720 649 785 invidia,
668 719 736 792 quod
751 723 833 774 mater

34 797 184 868 Agrippina
197 797 341 868 promptior
360 797 458 852 Neroni
476 803 538 853 erat.
574 797 667 868 Neque
684 800 771 851 tamen
789 797 857 851 Set

32 874 112 944 janus
123 874 164 928 ita
174 873 292 927 Drusum
303 873 406 928 fovebat
416 878 448 929 ut
459 892 511 929 non
521 874 549 928 in
559 893 618 928 eum
630 890 730 944 quoqne
739 871 835 927 semina

34 949 121 1004 futuri
132 949 208 1004 exitii
219 948 394 1018 meditaretur,
406 969 501 1022 gnarus
515 950 678 1022 preierooem
693 953 720 1004 et
736 947 834 1004 insidiis

34 1027 120 1097 magis
132 1030 318 1097 opportunum.

70 1103 138 1157 Fine
159 1103 222 1157 anni
240 1120 374 1157 excessero
393 1102 506 1174 insignes
524 1102 574 1158 viri
589 1102 695 1158 Asinius
711 1101 832 1173 Agrippa,
844 1103 880 1158 61

35 1179 114 1234 elaris
125 1178 268 1248 majoribus
281 1197 358 1250 quam
369 1180 486 1249 vetustis,
498 1179 602 1250 vitaque
613 1196 666 1233 non
678 1177 795 1249 degener,
807 1182 834 1234 et

37 1257 73 1316 Q.
85 1257 223 1321 Haterius,
236 1255 333 1310 familia
344 1257 478 1322 senatoria,
492 1256 651 1327 eloquentie,
665 1254 749 1326 quoad
760 1255 833 1324 vixit,

38 1333 190 1388 celebrate:
212 1337 377 1389 monumenta
386 1333 483 1406 ingenii
494 1334 550 1405 ejus
567 1332 638 1388 haud
652 1331 756 1404 perinde
773 1331 834 1386 reti·

38 1414 139 1464 nentur.
179 1408 285 1464 Soilioet
305 1410 405 1480 impetu
426 1410 507 1480 magis
532 1427 609 1481 quam
629 1427 691 1464 eura
713 1407 857 1479 vigebam

40 1491 118 1557 utque
130 1485 242 1540 aliorum
254 1485 387 1540 meditatio
399 1490 426 1540 et
442 1485 514 1540 labor
529 1485 558 1539 in
573 1487 705 1556 posterum
720 1484 833 1549 valescit,

42 1563 77 1617 sio
91 1563 199 1618 Haterii
211 1580 333 1617 sanorum
348 1562 412 1618 illud
427 1567 454 1617 et
466 1562 594 1633 profluens
611 1579 670 1618 enm
686 1562 742 1633 ipso
758 1560 834 1616 simul

42 1639 183 1695 extinctum
196 1643 247 1694 est.

73 1717 111 1771 M.
123 1716 237 1782 Licinio,
258 1715 289 1772 L.
303 1715 441 1786 Calpurnio
459 1715 607 1772 oonsulibus
622 1715 765 1786 ingentium
780 1713 833 1768 bel·
842 1715 880 1770 62

43 1791 631 1864 lorumelademaequavitmalumimprovisum.
659 1792 724 1861 Ejus
732 1789 833 1845 initium
841 1795 903 1829 sun
1006 1787 1007 1794 ’

43 1868 113 1924 simul
128 1873 156 1924 et
170 1868 233 1922 finis
251 1869 348 1924 extitit.
384 1869 452 1923 Nam
464 1873 547 1940 ooepto
559 1868 627 1940 apud
645 1867 768 1923 Fidenam
784 1885 833 1921 am-
840 1837 889 1926 l⁸1⁰i
896 1885 926 1928 at.

41 1944 186 2014 phitheatro
206 1944 303 1999 Atilius
323 1945 425 2016 quidam
440 1944 552 2000 libertini
569 1945 677 2016 genens,
696 1962 746 2016 quo
765 1941 855 2016 spee²

41 2021 152 2076 taculum
182 2019 356 2092 gladiatorum
384 2021 530 2088 oelebmmt,
557 2039 640 2092 neque
668 2021 834 2076 fundamenta

39 2116 81 2167 per
105 2097 221 2152 solidum
245 2096 367 2162 subdidit,
391 2115 474 2169 neque
494 2098 573 2152 firmis
594 2097 703 2153 nexibus
723 2098 834 2170 ligneam

39 2191 192 2246 compagem
200 2173 373 2244 superstruxit
377 2195 385 2240 ;
403 2174 487 2244 utqui
495 2192 547 2228 non
559 2173 713 2228 abundantia
722 2175 834 2246 pecunie

38 2268 83 2304 nee
102 2249 256 2320 municipali
274 2249 419 2315 ambitione,
441 2249 488 2305 sed
507 2250 535 2304 in
554 2249 656 2304 sordida
673 2250 789 2306 meroede
806 2249 836 2305 id

38 2326 174 2397 negotium
199 2325 368 2397 quesivisset.
404 2326 532 2380 Adluxere
553 2325 621 2380 avidi
639 2325 736 2392 talium,
757 2326 857 2397 impes

38 2403 135 2456 ritante
159 2400 264 2456 'liberio
287 2401 378 2472 procul
399 2401 574 2473 voluptatibus
598 2401 686 2471 habiti,
709 2402 782 2458 virile
806 2419 836 2457 ao

40 2477 164 2532 muliebre
189 2495 271 2542 seeus,
296 2477 379 2532 omnis
403 2481 474 2543 setas,
495 2477 528 2533 ob
549 2477 764 2548 propinquitatem
786 2476 837 2530 loei

41 2553 146 2608 effusius
154 2575 163 2620 ;
183 2552 252 2608 unde
264 2549 368 2625 gravior
382 2553 463 2624 pestis
479 2553 492 2606 f
510 2553 537 2618 't,
554 2553 669 2607 eonierta
684 2552 757 2614 mole,
778 2549 837 2602 dein

41 2631 172 2698 oonrulsa,
191 2629 254 2685 dum
273 2631 327 2684 ruit
344 2629 415 2684 intus
436 2632 481 2683 aut
498 2629 527 2682 in
545 2627 672 2682 exteriora
689 2623 836 2682 effunditur.

41 2706 243 2778 immensamque
257 2705 312 2762 vim
328 2705 482 2770 mortalium,
502 2701 647 2776 spertaorrlo
663 2701 776 2756 mtentos
793 2695 837 2744 aui
