2030 3000
246 183 443 232 ANNALIUM
461 183 539 232 x111.
557 184 661 233 21-25.
807 180 852 228 281

54 245 212 294 mmmm]

54 293 153 348 libertis
179 295 242 365 ejus,
268 313 332 366 quos
362 295 476 350 conscios
499 295 612 361 haberet,
637 291 768 365 respondit
791 289 856 346 nihil

54 388 167 441 anquam
181 389 210 426 se
222 371 291 426 domi
302 371 352 426 nisi
363 377 431 426 nutu
442 375 487 426 aut
499 390 576 426 manu
595 369 758 442 signiflcdsse,
776 367 817 422 vel
833 366 855 421 si

54 446 127 517 plura
153 446 351 502 demonstranda
374 453 467 514 essent,
493 449 589 520 scripto
608 467 692 512 nsum,
715 465 747 501 ne
766 462 853 500 vocem

54 523 222 578 consociaret.
258 524 366 590 Burrus,
385 525 500 596 quamvis
518 543 585 591 reus,
598 525 666 579 inter
679 522 778 595 judices
796 528 879 576 sen-4

53 599 164 654 tentiam
188 600 269 655 dixit:
300 601 454 672 exiliumque
478 601 622 658 accusatori
651 601 801 672 irrogatum,
826 601 853 654 et

53 675 149 731 tabulae
170 681 268 733 exuste
292 681 360 743 sunt,
386 678 478 750 quibus
502 677 649 734 oblitterata
665 677 747 732 erarii
765 693 843 731 monn

54 755 142 806 menta
154 753 307 808 retrahebat.

88 828 156 883 Fine
173 831 233 884 anni
247 831 325 885 statio
341 832 453 887 cohortis
469 831 579 887 assidere
594 831 661 886 ludis
679 829 754 886 solita
768 829 850 884 demo
862 830 901 884 24

53 908 136 970 vetur,
160 923 211 975 quo
231 907 312 978 major
330 909 426 979 species
444 907 570 964 libertatis
588 911 663 973 essct,
681 911 761 978 utque
778 905 850 962 miles

52 981 173 1036 theatrali
185 982 294 1038 licentiae
306 1002 357 1038 non
369 985 512 1054 permixtus
524 985 695 1055 incorruptior
707 985 803 1054 ageret,
822 991 849 1036 et

52 1059 139 1129 plebes
157 1059 230 1114 daret
246 1062 454 1132 experimentum,
474 1081 507 1117 an
523 1063 614 1117 arnotis
630 1061 779 1117 custodibus
797 1077 848 1114 mo-

53 1134 162 1191 destiam
174 1137 305 1192 retineret.
341 1137 438 1194 Urbem
451 1139 568 1211 princeps
577 1139 695 1194 lustravit
705 1138 875 1208 eresponsot

52 1211 224 1283 hanrspicum,
250 1213 319 1285 qnod
341 1215 413 1271 Jovis
439 1233 469 1271 ao
491 1216 615 1271 Minerva
640 1214 705 1271 ades
731 1213 763 1269 de
786 1213 846 1269 caelo

52 1293 128 1344 taotae
141 1293 223 1344 erant.

86 1365 120 1425 Q.
135 1366 252 1432 Volusio,
265 1367 295 1423 P.
310 1368 426 1439 Scipione
438 1368 591 1437 consulibus,
604 1368 683 1423 otium
696 1367 765 1433 ioris,
778 1365 845 1422 Ioeda
854 1361 890 1415 25
941 1389 949 1412 ι

51 1442 119 1496 domi
136 1442 249 1508 lascivia,
269 1463 319 1515 qua
336 1445 407 1500 Nero
426 1446 518 1500 itinera
538 1445 608 1500 urbis
627 1449 654 1500 et
671 1443 801 1516 lupanaria
819 1448 844 1498 et
852 1443 909 1523 239⁰

51 1517 208 1574 deverticula
228 1525 299 1575 veste
320 1521 404 1576 servili
424 1523 451 1576 in
474 1521 699 1577 dissimulationem
718 1521 759 1576 sui
779 1538 844 1575 eom-
859 1541 901 1572 aa.

50 1596 149 1665 positas
170 1597 334 1667 pererrabat3
353 1599 532 1654 comitantibus
556 1599 599 1671 qui
618 1601 736 1669 raperent
760 1596 844 1651 vendi·
864 1583 888 1622 ⁶⁶

50 1672 113 1726 tioni
143 1673 263 1743 exposita
286 1677 313 1728 et
336 1675 416 1730 obviis
440 1676 545 1731 vulnera
568 1675 698 1739 inferrent,
724 1673 844 1727 adversus

48 1748 151 1820 ignaros
175 1748 246 1814 adeo,
265 1755 296 1804 ut
317 1751 371 1822 ipse
392 1771 492 1824 quoque
517 1752 644 1823 exciperet
663 1751 730 1805 ictus
751 1754 777 1805 et
801 1767 845 1804 ore

48 1825 191 1894 preferret.
228 1826 336 1893 Deinde,
349 1827 394 1883 ubi
410 1829 535 1884 Caesarem
552 1847 608 1884 esse
625 1828 668 1898 qui
686 1829 868 1898 grassaretnr2

47 1902 190 1971 pernotuit,
214 1903 424 1975 augebanturque
440 1906 538 1977 injurie
555 1905 675 1960 adversus
691 1904 759 1958 viros
776 1903 845 1957 lemi-

45 1995 145 2050 nasque
172 1978 293 2050 insignes,
314 1981 471 2052 etquidem,
492 1982 614 2053 permissa
633 1980 711 2036 semel
734 1980 843 2046 licentia,

44 2055 92 2110 snb
112 2055 220 2110 nomine
238 2056 349 2112 Neronis
368 2058 444 2113 inulti
459 2058 568 2129 propriis
586 2076 645 2113 cum
661 2057 743 2130 globis
758 2057 846 2113 eadem

43 2132 211 2196 exercebant,
232 2133 306 2188 etin
329 2134 432 2190 modum
451 2135 608 2206 captivitatis
631 2154 683 2190 nox
706 2134 844 2207 agebatur3

42 2209 187 2280 Iuliusque
201 2209 343 2265 Montanus
355 2212 477 2266 senatorii
492 2211 595 2277 ordinis,
613 2211 659 2266 sed
675 2213 718 2283 qui
733 2212 845 2267 nondum

42 2284 171 2340 honorem
184 2287 348 2356 capessisset,
362 2305 513 2360 congressus
525 2289 592 2343 forte
604 2307 650 2359 per
656 2288 774 2344 tenebras
786 2307 845 2343 cum

42 2361 171 2432 principe,
186 2362 248 2433 qaia
259 2363 285 2417 vi
297 2367 466 2420 attentantem
479 2365 570 2420 acriter
584 2365 736 2436 reppulerat,
754 2364 844 2420 deinde

43 2440 166 2508 agnitum
178 2443 304 2507 oraverat,
316 2441 389 2511 quasi
399 2441 584 2512 exprobrasset,
598 2442 662 2497 mori
674 2441 779 2497 adactus
795 2445 842 2496 est.

42 2514 117 2569 Nero
142 2518 239 2582 autem,
258 2518 412 2572 metuentior
432 2518 460 2572 in
478 2522 616 2588 posterum,
636 2518 730 2572 milites
751 2517 799 2572 sibi
817 2521 865 2572 eta

42 2589 183 2660 plerosque
205 2590 358 2660 gladiatores
379 2593 553 2661 circumdedit,
573 2595 616 2665 qui
636 2594 748 2648 rixarum
770 2593 844 2646 initia

42 2665 147 2720 modica
168 2669 196 2720 et
217 2667 291 2736 quasi
311 2668 409 2737 privata
432 2670 561 2724 sinerent:
580 2670 603 2724 si
620 2687 636 2723 a
652 2669 717 2723 laesis
735 2666 842 2721 validius

43 2746 176 2813 ageretur,
186 2759 257 2796 arma
268 2743 417 2799 inferebant.
453 2745 591 2800 Ludicram
603 2761 703 2815 quoque
714 2741 864 2796 licentiamd
