1866 2944
112 143 142 193 7⁰
447 141 567 189 TACITI

749 199 791 248 [Α.
801 200 861 238 uc.
872 197 910 240 itt.

111 252 201 306 studiis
226 252 294 307 intra
315 253 447 323 juventam
472 255 595 321 ereptum,
616 250 705 304 breves
730 253 759 302 et
783 249 912 302 infaustos

64 335 101 388 42
111 329 197 398 populi
209 329 319 382 Romani
331 346 435 382 umores.
467 328 587 381 Ceterum
596 325 713 380 Tiberius
725 325 840 379 nomine
853 325 912 378 Ger·

111 406 203 460 mnnici
215 413 331 461 trecenos
343 406 411 477 plcbi
423 404 554 460 sestertios
564 404 659 458 viritim
672 402 751 466 dedit,
766 419 853 472 seque
864 401 912 456 eol-

111 482 193 552 legem
212 482 356 537 consrdctui
371 482 427 553 ejus
452 480 596 536 destinavit.
642 479 699 534 Nec
719 477 783 532 idco
807 479 911 532 sincere

112 557 225 612 caritatis
241 558 316 612 fidem
329 561 470 622 assecutus,
484 556 582 610 amoliri
597 555 717 625 juvenem
730 555 824 624 specie
837 555 913 608 hono·

111 634 147 688 rie
162 635 262 699 statuit,
276 635 421 704 struxitque
433 651 522 688 cauum
537 636 582 686 eut
598 631 665 686 forte
678 630 782 685 oblatas
797 629 913 701 arripuit.

89 709 171 766 2Rex
182 709 323 764 Archelais
336 708 573 780 quinquagesimum
585 725 678 760 annum
689 705 865 775 Cappadocia
873 721 913 774 po·

112 784 232 849 tiebutur,
257 785 355 839 invisus
379 783 487 848 Tiberio,
511 782 659 852 quodcum
678 780 771 835 Rbodi
795 785 913 852 agentem

89 859 182 913 tnullo
194 858 274 914 officio
286 858 413 912 coluisset.
446 859 504 910 Nec
514 857 690 911 idArchelniis
703 873 750 926 per
765 857 913 928 superbiam

112 935 239 999 omiserat,
254 933 299 988 sed
311 933 342 988 ab
353 933 451 987 intimis
460 931 573 1002 Augusti
585 931 704 993 monitus,
718 932 794 999 quie,
809 933 914 986 florerrtr

114 1011 143 1065 0.
157 1011 257 1065 Caesare
268 1009 396 1080 missoque
409 1007 441 1062 ed
452 1025 493 1061 res
507 1007 629 1072 Orientis,
642 1007 728 1060 intuto
738 1005 849 1061 Tiberii
861 1005 913 1060 emi·

89 1086 174 1141 4citia
189 1085 346 1140 credebatur.
382 1085 422 1139 Ut
433 1101 507 1138 verse
519 1083 648 1137 cesarum
666 1080 756 1135 subole
777 1081 913 1152 imperium

114 1161 221 1232 adeptus
236 1165 283 1226 est,
301 1159 369 1215 elicit
385 1159 541 1214 Archelni'rm
557 1158 646 1212 matris
663 1156 769 1222 litteris,
788 1175 852 1228 qum
869 1172 913 1212 nm

114 1237 278 1292 dissimulatis
296 1236 342 1291 filii
358 1234 539 1290 offensionibus
557 1233 714 1288 clementium
734 1232 913 1298 offerebatei

92 1313 147 1368 cad
159 1312 312 1384 precandum
323 1313 430 1368 veniret.
467 1311 515 1365 Hie
527 1311 631 1382 ignarus
641 1309 699 1374 doli,
712 1308 765 1374 vel,
780 1311 808 1365 si
819 1309 913 1382 intelie-

115 1408 175 1461 gere
188 1389 341 1454 crederetur,
356 1389 407 1444 vim
418 1391 542 1452 metuens,
561 1385 589 1440 in
604 1385 693 1442 urbem
710 1392 861 1456 properet3
878 1403 913 1441 cx·

116 1469 256 1537 ceptusque
273 1465 367 1520 immiti
384 1483 399 1519 c
416 1464 537 1536 principe,
555 1467 582 1518 et
600 1481 660 1517 mox
677 1467 823 1518 aecusatus
842 1465 871 1519 in
881 1479 913 1517 cc·

116 1545 187 1608 netu,
207 1561 259 1597 non
277 1541 309 1597 ob
322 1541 428 1596 crimine
441 1559 498 1612 qum
515 1539 683 1611 fingebantur,
697 1538 742 1592 sed
762 1557 875 1610 angore,
886 1537 914 1592 ri·

117 1618 170 1672 mul
186 1618 269 1674 fessus
282 1617 359 1683 senio,
373 1621 400 1672 et
418 1617 478 1688 quia
494 1615 597 1688 regibus
612 1633 691 1685 aequa,
704 1613 808 1669 nodum
826 1617 912 1678 indm

116 1694 219 1749 insolite
243 1697 311 1760 sunt,
336 1694 412 1748 finem
435 1693 504 1760 vitae,
529 1699 620 1762 sponte
643 1709 677 1745 nn
699 1690 764 1755 feto,
793 1691 914 1763 implere

93 1771 237 1841 dRegnum
248 1771 277 1824 in
287 1769 443 1841 provinciam
459 1767 591 1822 reductum
603 1770 650 1832 est,
664 1765 854 1838 fructibusque
866 1767 914 1837 ejue

117 1846 196 1901 levari
207 1864 282 1916 posse
294 1845 438 1900 centesimae
448 1843 559 1914 vectigal
575 1842 706 1914 professus
718 1841 816 1898 Goesor
828 1843 914 1898 duca·

94 1922 235 1988 rtesimom
246 1922 274 1976 in
290 1925 421 1992 posterum
433 1919 532 1974 statuit.
569 1919 621 1973 Per
638 1917 705 1972 idem
722 1921 835 1990 tempus
848 1916 915 1973 Anti·

53 2041 55 2046 .
118 1997 182 2052 ocho
199 1998 435 2068 Commagenorum,
448 1995 613 2065 Philopatore
629 1993 735 2049 Cilicum
752 1995 869 2067 regibus
881 1993 915 2048 de

118 2073 214 2128 fimetis
230 2073 401 2128 turbabantur
412 2072 537 2135 nationes,
550 2070 678 2141 plerisque
689 2069 855 2138 Romanum,
869 2067 915 2126 uit

119 2149 217 2220 regium
235 2149 368 2220 imperium
385 2147 561 2218 cupientibue;
584 2150 611 2200 et
628 2145 769 2217 provincioe
792 2149 871 2220 Syrie
885 2147 915 2201 nt·

120 2242 170 2294 que
187 2225 284 2290 induo,
302 2225 377 2279 fessae
393 2223 520 2296 oneribus,
534 2221 732 2277 deminutionem
750 2223 856 2279 tributi
870 2237 915 2278 or!-

72 2302 110 2354 43
120 2299 189 2355 bunt.
221 2301 308 2371 Igitur
319 2301 381 2365 haec,
394 2303 421 2354 et
433 2300 465 2354 de
477 2298 666 2369 Armeniaque
678 2314 758 2367 supra
771 2297 914 2362 memoravi

121 2375 190 2443 apud
201 2380 287 2444 patres
300 2375 437 2441 disseruit3
455 2392 503 2429 nee
514 2392 589 2444 posse
601 2377 699 2430 motum
715 2373 860 2431 Orientem
875 2371 915 2429 nid

123 2448 266 2502 Germanici
284 2450 408 2518 supientia
425 2451 550 2519 conponi:
568 2468 628 2504 nem
645 2467 717 2504 sunm
735 2453 851 2506 etatem
870 2467 915 2506 rer·

99 2537 191 2587 pgerc,
213 2522 293 2575 Drusi
313 2524 426 2576 nondum
447 2525 509 2578 satis
531 2524 676 2579 adolevisse.
720 2524 801 2581 Tunc
821 2528 915 2583 decretu

124 2595 225 2658 patrum
236 2597 364 2661 permisere
382 2599 532 2654 Germanico
548 2600 758 2671 provinciaeque
778 2604 850 2658 mari
865 2601 916 2658 diri

125 2663 228 2727 duntur,
241 2668 373 2737 majusque
391 2671 532 2741 imperium,
550 2693 652 2747 quoquc
669 2675 778 2744 udisset,
799 2677 917 2750 quamn
