1866 2944
93 133 125 186 η
430 127 550 176 ΤΑΟΙΤΙ

701 189 737 237 [Α.
746 189 774 228 U.
784 191 808 228 0.
820 187 867 235 ltu,
877 191 896 230 1.

92 237 163 294 haud
179 237 345 306 apemendam
361 237 497 302 nationem,
511 236 539 290 in
549 235 645 302 eodem,
659 255 718 292 eum
733 239 833 293 Furius
846 240 898 294 Ca·

93 313 178 366 millus
189 330 235 382 pro
248 312 350 368 oonsule
361 313 456 368 Alrieae
470 312 602 382 legionem,
616 321 643 366 et
661 313 731 383 quod
743 314 795 368 sub
813 315 897 384 signis

94 389 226 452 sociorum,
237 388 264 442 in
272 407 352 442 unum
364 387 502 444 oondnetos
515 387 547 440 ed
558 387 659 442 hostem
668 388 750 452 duxit,
763 390 898 446 modicam

94 482 197 518 manum
209 464 231 518 si
243 464 433 518 multitudinem
451 463 623 518 Numidarum
641 469 718 534 atque
736 465 898 521 Maurorum

94 548 237 609 spectares:
256 535 302 594 'sed
322 539 386 596 nihil
403 557 475 610 aque
493 538 630 593 cavebatur
648 557 725 608 qnam
742 559 777 594 ne
796 540 898 596 bellum

71 619 166 669 tmetu
188 613 327 669 eluderent.
364 615 414 685 Spe
431 614 544 671 vietoriae
561 614 660 670 inducti
678 619 739 670 sunt
756 619 790 670 ut
809 618 898 672 vinee·

94 693 190 744 sentin.
226 690 312 760 igitur
323 690 390 762 legio
400 689 491 754 medio,
509 689 578 744 leves
590 690 706 746 cohortes
723 691 836 762 dureque
848 694 897 750 alar

72 765 122 820 lin
133 765 252 820 cornibus
263 766 387 820 locantur.
423 765 480 820 Nee
498 765 644 820 Tacfarinas
660 784 775 836 pugnam
794 767 897 824 detreo-

94 841 167 896 tavit.
203 841 266 895 nusi
289 840 418 906 Numidse,
442 839 587 910 multosque
616 846 676 912 post
699 860 782 898 annos
813 844 897 900 unsis

70 917 190 971 &nomini
209 920 312 986 partum
332 916 409 971 deeus
429 916 533 972 muisis.
569 916 639 970 Nam
657 917 812 988 postillam
830 921 897 976 reoi-

93 996 235 1062 peratorem
253 992 324 1048 urbis
345 992 475 1063 filiumque
493 995 549 1062 ejus
570 993 704 1048 Camillum
726 1011 809 1064 penes
831 997 897 1060 alias

93 1069 200 1124 familias
218 1069 380 1140 imperatoria
399 1069 454 1124 laus
472 1069 572 1135 fuerat3
592 1073 668 1140 atque
685 1070 728 1126 hio
743 1089 826 1140 quem
844 1092 898 1128 me-

70 1154 219 1204 tmoramus
231 1145 355 1200 bellorum
372 1163 463 1214 expers
480 1145 629 1200 habebatur.
664 1146 703 1200 no
722 1149 834 1216 pronior
853 1149 898 1204 'Ii-

93 1220 178 1276 berius
190 1239 230 1275 res
242 1224 328 1291 gestas
337 1221 406 1290 apud
416 1224 533 1276 senatum
544 1220 698 1285 eelebrarit3
716 1225 743 1276 et
752 1221 898 1280 deerevere

93 1301 178 1368 patres
190 1296 352 1367 triumphalia
362 1295 479 1368 insignia,
493 1295 561 1368 quod
573 1296 679 1351 Camillo
691 1295 724 1352 ob
736 1299 898 1355 modestiam

93 1371 153 1428 vite
164 1372 267 1442 impune
275 1371 334 1428 fuit.

46 1454 84 1513 53
129 1448 241 1518 Sequens
253 1466 334 1504 annus
350 1447 480 1502 Tiberium
495 1447 580 1512 tertio,
598 1447 781 1504 Germanioum
797 1451 899 1508 iterum

92 1523 208 1578 eonsules
224 1523 321 1579 habuit,
358 1522 409 1578 Sed
428 1541 487 1578 eum
503 1523 624 1578 honorem
643 1524 815 1584 Germanicus
836 1527 898 1586 iniit

92 1598 160 1670 apud
168 1599 257 1654 urbem
264 1599 367 1654 thaies
375 1598 526 1669 Nicopolim,
536 1616 586 1670 quo
594 1603 698 1654 venerat
706 1619 751 1671 per
758 1602 899 1674 Illyrium

91 1693 169 1740 oram,
182 1675 237 1730 viso
253 1675 332 1730 fratre
343 1675 431 1729 Druso
445 1674 473 1727 in
484 1674 613 1730 Dalmatia
629 1679 728 1748 agente,
741 1677 898 1736 Hadriatim'

92 1769 121 1806 ao
136 1769 196 1806 mox
210 1752 278 1806 Ionii
294 1753 371 1806 maris
388 1751 519 1806 adversam
534 1752 724 1822 navigationem
741 1771 897 1826 perpessus.

68 1826 178 1898 flgitur
200 1845 293 1898 panoos
318 1827 371 1884 dies
389 1827 525 1897 insumpsit
543 1827 684 1884 refieiendue
702 1829 797 1898 elassi3
817 1833 899 1888 simul

92 1902 163 1958 sinus
175 1904 281 1958 Aetiaoa
291 1903 399 1958 victoria
414 1902 531 1973 inclytos,
545 1907 572 1957 et
589 1907 701 1959 serratus
719 1905 749 1960 ab
768 1909 900 1979 Augusto

91 1978 229 2047 manubias,
242 1983 375 2050 rastraque
387 1978 494 2034 Antonii
505 1996 564 2033 oum
575 1979 749 2036 reeordatione
762 1984 900 2055 majorum

68 2065 196 2110 asnorum
213 2055 283 2111 adiit.
320 2056 440 2125 Namque
462 2054 494 2121 ei,
519 2057 550 2110 ut
574 2058 720 2124 memoravi,
744 2062 899 2116 avunculum

91 2130 234 2201 Augustus,
252 2150 314 2188 avus
331 2131 460 2186 Antonius
476 2134 556 2196 erant,
575 2149 718 2203 magnaque
733 2133 790 2190 illio
808 2137 900 2210 image

90 2204 206 2261 tristium
215 2207 389 2278 letornmqne.
418 2207 488 2262 Hine
497 2213 602 2262 ventum
611 2209 734 2274 Athenas,
746 2209 900 2284 freden-iqua

91 2281 166 2336 soeiae
178 2286 205 2336 et
216 2287 326 2338 vetustae
343 2282 414 2338 urbis
430 2282 527 2351 datum,
539 2287 569 2337 ut
587 2301 639 2338 nno
655 2283 744 2339 liotore
760 2290 897 2348 uteretur.

66 2365 83 2413 4
93 2356 223 2425 Excepere
234 2358 317 2412 Graeoi
328 2358 513 2427 quaesitissim'is
525 2359 672 2424 honoribus,
682 2364 775 2416 vetera
787 2381 899 2424 suorum

92 2429 162 2482 laeta
170 2430 289 2500 dietaque
301 2433 532 2504 praeferentemque
543 2435 601 2504 plus
611 2435 768 2506 dignationis
779 2440 899 2498 adulatio

46 2509 84 2562 54
92 2504 205 2589 haberet.
215 2507 316 2590 ,Petis
322 2509 381 2563 inde
387 2511 486 2566 Euboea
493 2513 605 2568 tramisit
614 2515 735 2581 Lesbum,
742 2517 900 2594 ubihgrip·

69 2587 153 2661 zpma
163 2579 299 2634 novissimo
310 2587 386 2650 partu
393 2585 488 2642 Juliam
496 2587 583 2643 edidit.
612 2592 681 2646 Tuto
690 2595 899 2664 extremam

93 2649 294 2720 Pffilhumqffi
305 2671 335 2709 Μ
346 2656 498 2726 Blmlium
515 2663 635 2722 Thracius
651 2667 737 2734 urbes,
751 2688 819 2728 mox
837 2674 900 2730 Pru·
