1866 2944
113 125 145 171 ⁸4
449 114 571 164 TAOITI

750 172 909 222 mnam

65 229 101 288 67
111 228 220 284 maxime
231 227 330 282 Moesie
347 227 470 298 prefecit.
507 225 621 290 Flaccus,
634 225 661 280 in
672 223 809 280 Thraciam
828 231 909 280 trans-

112 323 223 376 gressus,
240 321 286 374 per
300 304 416 374 ingentia
432 305 557 375 pmmissa
576 302 691 373 quamvis
710 295 864 372 ambiguum
884 303 909 358 a

113 381 208 436 scelera
225 399 272 434 sua
288 384 451 450 reputantem
468 379 587 461 perpulit,
605 383 636 433 nt
654 378 771 449 praesidia
792 379 910 434 Romana

89 458 229 515 aintraret.
265 456 429 510 Circumdate
445 457 504 511 hino
520 456 582 526 regi,
599 455 682 526 specie
699 455 816 519 honoris,
829 454 911 508 valida

113 553 203 588 manus
219 533 366 604 tribunique
385 537 412 588 et
431 534 601 597 centuriones,
618 531 751 596 monendo,
767 532 909 596 suadendo,

113 616 139 665 ct
166 613 262 680 quanto
286 609 386 680 longina
412 609 602 674 abmedcbatrr,
630 609 755 680 apertiore
784 608 909 672 crrstodia

89 690 241 758 spostrcmc
255 684 369 757 'gnarm
387 686 548 741 necessitatis
567 687 595 740 in
610 685 697 740 urbem
712 688 829 744 muare.
865 687 910 740 Ac·

113 767 218 818 ansatus
235 764 262 816 iu
280 769 371 816 senatu
388 762 420 817 ab
438 781 518 817 uxore
536 762 626 832 Cotyis
640 761 785 826 damnatur,
804 765 838 816 ut
856 779 910 832 prc-

89 839 155 893 4cul
172 857 251 908 reguo
267 841 406 892 teneretur.
442 839 550 893 Thracia
566 838 594 892 in
609 837 807 894 Bhoemetalcen
824 839 909 901 filiuni.

113 933 189 984 quem
211 915 324 985 paternis
349 915 460 970 consiliis
484 915 646 969 aduncatum
666 913 813 980 constabat,
837 917 911 985 inqua

113 989 205 1045 liberos
227 990 317 1061 Cotyis
341 990 710 1061 dividitur31isqucnondum
730 990 832 1046 adultis
856 993 910 1046 Tra

113 1067 236 1121 bellienns
260 1066 345 1120 Rufus
369 1070 482 1136 praetura
501 1067 605 1122 fundus
630 1067 712 1130 datur,
737 1067 785 1136 qui
805 1085 910 1140 regnum

114 1143 216 1196 interim
239 1146 370 1207 tractaret,
396 1143 511 1213 exemplo
530 1161 580 1213 qno
601 1143 709 1213 majores
730 1143 769 1198 Μ.
783 1144 910 1216 Lepidum

93 1220 247 1276 oPtolemaei
257 1219 343 1274 liberis
352 1221 499 1275 tutoremin
507 1222 649 1292 AEgyptnm
660 1221 794 1275 miserant.
834 1223 910 1277 Rhes-

115 1297 216 1366 cuporis
238 1295 416 1350 Alexandriam
438 1296 567 1362 devectus,
587 1300 664 1367 atque
680 1296 730 1351 illie
748 1296 845 1369 togam
863 1304 910 1354 teu·

69 1379 106 1434 68
115 1377 181 1437 tans,
201 1391 234 1425 an
250 1373 311 1426 ficto
329 1373 441 1437 crimine,
458 1373 618 1428 interficitur.
654 1373 705 1427 Per
720 1372 792 1428 idern
812 1381 910 1446 tempus

115 1450 243 1513 Vonones,
255 1467 329 1518 quem
342 1452 454 1503 amotum
466 1449 494 1504 in
505 1449 619 1504 Ciliciam
627 1449 771 1516 memoravi,
784 1451 911 1523 oorrupt'u

115 1525 264 1580 custodibus
288 1525 399 1596 effugere
423 1525 456 1580 ad
484 1527 627 1591 Armenios,
651 1526 710 1580 inde
739 1527 768 1580 in
801 1529 910 1592 Albunea

116 1601 911 1675 fflmfflmmmwmmffiwmfflmfflmfflfflmm

93 1682 222 1737 aeonatus
244 1681 290 1732 est.
329 1678 417 1749 Specie
436 1679 544 1733 venandi
563 1679 662 1734 omissis
686 1679 827 1736 maritimis
847 1681 910 1744 lou's

117 1757 173 1810 avia
196 1756 307 1810 saltuum
329 1755 411 1826 petiit,
431 1774 491 1810 mox
509 1756 660 1827 pernicitate
679 1757 738 1827 equi
756 1758 795 1813 ed
817 1775 911 1814 amna

116 1835 253 1905 Pyramum
270 1833 409 1899 contendit,
425 1834 497 1905 cujus
513 1838 604 1904 pontes
621 1836 711 1890 accolae
728 1845 860 1906 mpermt
875 1853 911 1892 an

95 1910 172 1967 adita
182 1910 250 1981 regis
262 1910 338 1981 fuga:
358 1927 440 1980 neque
454 1910 519 1965 vado
535 1912 663 1982 penetrari
679 1916 791 1983 potarat.
831 1915 911 1985 Igitur

117 1987 145 2040 in
163 1986 218 2057 ripa
238 1985 348 2041 fluminis
368 2004 384 2040 a
405 1987 626 2042 Viennensem
650 1989 773 2058 prolecto
799 1992 912 2062 equitem

117 2063 242 2136 vincitur:
261 2081 320 2118 mox
333 2063 466 2118 Remmius
478 2069 604 2128 evocatus,
618 2066 697 2135 priori
708 2067 839 2122 custodiae
851 2081 911 2138 rep!

92 2139 257 2209 eappositus,
276 2138 349 2210 quasi
364 2157 410 2209 per
424 2139 496 2205 iram,
516 2140 600 2210 gladio
615 2158 674 2195 enm
691 2143 825 2214 transigit.
842 2141 910 2199 Uo&

118 2215 198 2285 major
210 2215 272 2270 fides
288 2215 443 2270 commentia
461 2215 562 2271 sceleris
574 2220 601 2270 ct
615 2220 687 2272 metu
704 2217 796 2274 indicii
808 2225 912 2276 mortu

118 2290 221 2344 Vononi
232 2290 335 2346 illatam.

73 2375 110 2427 69
154 2367 190 2416 At
207 2367 378 2430 Germanicus,
391 2367 506 2436 AEgypto
521 2385 643 2433 remeans,
659 2373 751 2424 cimota
771 2389 834 2442 quae
852 2367 910 2444 apd

119 2437 230 2502 legiones
252 2443 296 2492 aut
313 2439 389 2493 nrbes
405 2441 524 2508 jusserat,
543 2442 637 2497 abolito
654 2445 695 2500 vel
712 2445 739 2500 in
755 2449 910 2504 contrariu!

97 2525 193 2566 aversa
201 2513 338 2576 cognoscit.
374 2514 445 2568 Hinc
458 2518 588 2584 gravesin
604 2519 724 2574 Pisonem
738 2528 804 2577 cont
832 2548 876 2575 a«,
894 2562 895 2565 η
908 2557 913 2562 ⁷1

121 2595 170 2661 nec}¹
179 2581 262 2663 minus
274 2585 370 2648 acerba,
384 2604 440 2654 que
452 2590 483 2644 ab
499 2591 543 2645 illo
554 2593 582 2645 in
597 2594 723 2650 Gaesarem
737 2600 912 2655 tentabant!

98 2650 189 2703 aDern
200 2651 260 2704 Peo
272 2655 340 2708 abire
353 2659 426 2726 Syria
437 2665 537 2718 statuit.
573 2668 639 2722 Mox
649 2670 757 2726 adversa
770 2673 914 2731 Garmai
