1936 2968
14 219 180 270 mm]
216 155 411 206 susurrus
427 154 612 205 mvsa-rs.
769 157 817 210 ,27

12 271 146 344 epulatur.
186 268 257 325 nxin
268 267 445 322 aGossutisno
457 265 589 336 Capitone,
599 266 644 337 qni
654 283 737 337 nuper
748 275 840 322 senar

12 349 111 404 lorium
124 345 248 402 ordinem
259 342 377 414 preoibus
388 341 508 412 'lipsllini
523 341 605 396 soseri
623 343 663 397 sui
679 345 818 412 raoeperat,

13 422 167 496 mnjestatis
183 419 286 476 deletus
303 422 352 474 est.
388 418 453 472 'lum
464 417 573 488 primum
589 423 708 474 revooata
718 435 750 473 ee
760 417 841 484 lent

12 500 228 567 credebaturque
251 495 320 550 haud
343 493 447 565 perinde
470 494 577 549 exitium
606 495 720 551 Antistio
744 511 820 566 quum

13 575 173 648 imperatori
194 572 301 644 gloriam
325 571 412 641 quari,
435 574 466 624 ut
489 569 707 628 ooudemnatuss
730 575 822 626 senatu

14 651 210 708 intercessione
232 647 370 702 tribunitia
392 646 470 700 morti
493 646 654 702 eximeretur.
703 647 739 702 Et
763 659 843 704 euml

14 728 143 785 Ostorim
155 724 224 781 nihil
235 723 362 778 audivisse
377 740 424 793 pro
441 722 588 778 testimonio
606 723 720 788 dixisset,
733 722 822 777 adrer-

14 806 51 861 sis
61 804 184 860 testibus
199 799 339 865 creditum
356 798 506 870 oensuitque
517 799 534 854 J
535 799 611 854 unius
623 799 751 855 Marullus
763 817 823 856 oon·

14 881 55 937 sul
66 880 228 950 designatus
241 875 398 930 adimendam
415 893 459 931 reo
475 879 620 946 praeturam,
631 875 823 947 necandumque

15 977 87 1014 more
113 955 255 1026 majorum.
296 951 396 1006 Ceteris
420 951 479 1007 inde
504 951 710 1017 assentientibus,
735 951 844 1011 Pretust

15 1034 144 1097 Thesea,
165 1028 251 1085 multo
268 1045 327 1083 oum
347 1028 442 1082 honore
463 1027 572 1082 Gesseris
596 1031 623 1083 et
646 1028 767 1083 aoerrime
786 1028 823 1082 in·

16 1111 121 1182 crepito
138 1104 267 1166 Antistio,
283 1121 335 1158 non
350 1103 471 1174 quioquid
486 1121 581 1159 notens
596 1121 656 1158 reus
674 1104 730 1174 pati
745 1122 823 1159 mere·

17 1191 101 1252 retur,
129 1183 161 1240 id
186 1180 290 1252 egregio
313 1179 361 1234 sub
384 1180 498 1250 principe
522 1183 549 1234 et
578 1180 649 1235 nulla
670 1180 823 1235 neeessitate

16 1263 154 1320 obstrioto
167 1257 271 1313 senatui
282 1257 455 1324 statuendum,
467 1257 596 1312 disseruit.
633 1256 782 1312 Carnificem
797 1261 845 1315 eto

18 1341 146 1411 laqueum
165 1333 266 1406 pridem
283 1332 394 1398 abolita3
418 1337 445 1388 et
465 1350 521 1388 esse
538 1351 625 1403 ponas
645 1333 746 1406 legibus
765 1351 825 1389 oon·

18 1417 142 1479 stitutus,
171 1409 265 1480 quibus
288 1409 345 1463 sine
364 1408 481 1479 judioum
504 1410 603 1464 sevitia
631 1414 658 1464 et
680 1415 826 1481 temporum

19 1491 132 1548 infamis
143 1485 272 1556 supplicia
286 1484 490 1540 decernerentur.
527 1486 595 1552 Quin
612 1487 639 1542 in
656 1486 747 1552 insule,
764 1485 848 1557 puls?

19 1568 108 1624 liealis
130 1564 220 1630 bonis,
241 1579 291 1632 quo
310 1561 411 1633 longius
430 1566 531 1617 sontem
549 1562 627 1618 vitam
646 1564 775 1628 truisset,
795 1580 826 1618 eo

20 1643 152 1716 privatim
175 1638 331 1694 miseriorem
353 1642 380 1693 et
400 1638 506 1709 publiea
526 1640 666 1696 elementis
689 1640 827 1696 maximum

21 1719 180 1791 exemplum
198 1715 322 1770 maurum
357 1715 477 1771 Libertus
494 1716 612 1773 'l‘hraaeas
630 1717 763 1774 servitium
783 1717 872 1773 ali-49

20 1816 100 1854 orum
112 1792 197 1865 rupit,
206 1796 233 1847 et
242 1795 377 1863 postquam
386 1791 563 1848 discessionem
573 1795 662 1849 eonsul
670 1795 827 1866 permiserat,

20 1874 139 1947 pedibus
163 1869 192 1924 in
210 1869 362 1924 sententium
377 1869 434 1940 ejus
452 1870 513 1936 iere,
533 1871 621 1942 paneis
640 1871 766 1942 exemptis
775 1893 782 1938 ;
801 1871 829 1928 in

21 1951 123 2024 quibus
142 1945 289 2002 adulatione
305 1945 509 2016 promptissimus
528 1947 579 2002 luit
594 1949 627 2002 A.
636 1947 766 2014 Vitellius,
785 1965 828 2020 op-

21 2029 125 2084 timum
139 2039 270 2094 quemque
278 2021 364 2094 jurgio
371 2022 497 2078 leaessem
505 2027 531 2078 et
538 2023 703 2094 respondenti
710 2025 828 2092 reticens,

21 2109 56 2161 ut
69 2099 172 2176 pesida
182 2098 285 2169 ingenis
298 2099 389 2154 solent.
424 2102 462 2154 At
478 2101 595 2156 eonsules
607 2101 727 2173 perficere
745 2101 851 2158 deors-2

21 2187 87 2237 tum
108 2178 218 2234 senatus
238 2192 292 2230 non
311 2175 374 2240 ausi,
392 2176 425 2231 de
442 2194 568 2232 eonsensu
585 2179 709 2249 scripsere
727 2179 829 2235 Oaesari.

23 2258 87 2324 Ele,
100 2256 176 2310 inter
187 2250 310 2322 pudorem
322 2255 348 2307 et
359 2252 423 2307 iram
432 2257 575 2320 cunctatus,
585 2258 714 2325 postremo
725 2257 852 2326 rescrips

23 2335 63 2390 sit
85 2330 164 2386 nulls
178 2328 272 2398 injuria
284 2333 450 2399 provocatum
464 2331 607 2386 Antistium
625 2332 787 2402 gravissimas
804 2333 832 2387 in

23 2407 177 2482 prinoipem
195 2405 361 2460 eontumelias
379 2405 474 2461 dixisse
483 2429 491 2472 ;
510 2425 597 2461 esrum
614 2407 738 2461 ultionem
757 2425 774 2460 a
789 2425 832 2474 pa

24 2485 120 2543 tribus
139 2479 303 2553 postulatam,
324 2485 350 2537 et
372 2500 419 2552 pro
436 2482 612 2553 magnitudine
630 2481 716 2535 delioti
732 2495 832 2546 poenam
960 2525 962 2532 ,

25 2559 117 2620 statui
141 2575 189 2629 per
206 2557 294 2612 fuisse.
331 2557 453 2612 Ceterum
471 2575 506 2622 ae,
520 2557 565 2627 qui
576 2555 737 2610 severitatem
749 2548 854 2603 dener-s

25 2637 156 2696 nentium
177 2633 348 2704 impediturus
371 2633 458 2700 fuerit,
478 2630 677 2686 moderationem
700 2635 752 2672 non
774 2631 832 2697 pro:
937 2703 961 2708 ἡ

26 2715 143 2773 hiberes
168 2714 313 2768 mussat
336 2713 368 2765 ut
390 2708 503 2772 vellent;
529 2705 614 2759 daton
637 2700 664 2750 et
687 2685 832 2742 absolvendi
