1866 2944
17 173 119 234 mm]
218 110 620 178 insanientium-rr„
768 113 799 160 ss
900 155 904 162 .

17 221 152 286 rdetudrue
164 219 292 287 detentus,
304 223 350 278 nbi
360 225 502 278 recreatum
519 222 615 294 accepit
627 224 737 292 votaque
755 239 802 293 pro

14 299 183 354 incolumitate
199 299 368 366 solvebantur,
386 301 500 355 almetas
518 301 622 368 hostias,
640 299 802 355 ammiculem

14 379 166 446 apparatum,
184 375 275 430 festam
292 376 503 432 Antiochensium
521 377 619 448 plebem
638 395 682 447 per
699 377 801 432 lictores

15 451 151 522 proturbat.
176 451 241 505 'lirm
253 452 392 507 Seleuciam
400 452 549 523 digreditur,
558 453 690 524 opperiens
700 454 826 525 aegritu-t

14 528 93 582 dinem
111 547 168 598 quc
185 547 287 582 rursum
302 530 452 584 Germanico
468 529 600 584 acciderat.
638 530 734 584 Sacram
749 531 825 586 rime

14 605 90 659 morbi
110 604 220 674 augebat
238 606 368 675 persuasio
385 605 476 660 veneni
499 624 515 660 a
532 606 625 662 Pisone
643 607 755 676 aeecpti;
774 611 801 665 et

12 680 201 752 reperiebantur
212 681 265 735 selo
278 700 307 736 ae
322 682 462 752 parietibus
474 685 553 737 erutae
569 683 736 737 humanorum
748 699 802 736 ocr-

11 775 99 828 porum
117 757 236 826 reliquiae,
256 759 367 812 earmina
382 763 408 812 et
421 757 575 824 devotiones,
587 763 614 814 et
630 777 722 812 nomeu
740 759 802 812 Ger·

11 834 101 888 uranici
123 832 249 903 plumbeis
272 834 366 888 tabulis
387 834 551 904 insculptum,
576 835 682 890 semusti
705 834 802 890 cineres

9 927 37 965 ae
55 909 116 964 tabe
134 909 214 977 obliti,
233 909 331 980 aliaque
349 911 470 965 maleficia
490 912 547 981 quis
570 911 683 966 creditur
706 909 801 966 munos

9 986 155 1041 numinibus
173 985 279 1040 infernis
297 987 397 1041 sacrari.
435 988 516 1042 Simul
534 988 604 1042 missi
622 1006 637 1041 a
654 987 747 1042 Pisone
764 987 801 1042 in·
901 1003 906 1010 ·

10 1062 165 1118 emebantur
183 1066 212 1116 ut
227 1062 378 1117 valetudinis
397 1064 503 1119 adversa
519 1065 647 1118 umentes,
683 1064 722 1118 Ea
740 1064 800 1118 Ger·
810 1067 849 1126 70

8 1141 108 1194 manico
119 1138 189 1192 haud
200 1139 283 1193 minus
300 1139 338 1193 ira
355 1159 430 1210 quam
448 1159 494 1210 per
511 1145 608 1195 metum
626 1146 736 1210 accepta
774 1141 825 1196 Sir

10 1216 86 1270 limen
107 1215 274 1280 obsideretur,
297 1217 319 1270 si
339 1217 506 1271 effrmdcudus
527 1217 631 1287 spiritus
652 1216 800 1272 subuculis

9 1293 168 1347 inunicerum
180 1292 255 1360 foret,
268 1292 328 1363 qnid
337 1293 435 1348 deinde
451 1294 597 1348 miserrimae
612 1294 720 1364 conjugi,
740 1293 802 1363 quid

9 1368 149 1424 meantibus
173 1368 259 1424 liberis
283 1372 454 1425 eventurum?
472 1369 541 1425 lenta
563 1369 643 1424 videri
666 1369 800 1424 veneficia:

8 1445 170 1500 festinasset
187 1464 287 1516 urgere,
297 1451 327 1500 ut
339 1448 501 1517 provinciam,
514 1451 544 1501 ut
553 1446 665 1517 legiones
678 1446 746 1500 solus
758 1445 793 1499 hs

7 1520 76 1576 beat.
114 1521 166 1576 Sed
188 1540 240 1576 nen
263 1541 344 1592 usque
362 1541 392 1577 eo
411 1523 536 1578 deiectum
555 1523 740 1586 Germanicum,
759 1530 825 1576 ne·8

8 1615 61 1667 que
71 1598 175 1668 praemia
186 1597 262 1652 caedis
282 1598 348 1668 apud
366 1599 554 1654 interfectorem
568 1617 694 1653 mansura
731 1599 802 1652 Gom·

6 1674 83 1744 ponit
103 1674 231 1744 epistolas,
254 1676 314 1744 quis
336 1675 471 1730 amicitiam
494 1675 519 1730 ei
538 1673 708 1730 renuntiabat.
751 1671 827 1726 Aba

8 1749 76 1803 dunt
95 1750 209 1820 plerique
219 1750 320 1821 jussum
343 1751 474 1821 provincia
497 1750 625 1805 decedere.
662 1748 719 1802 Nee
742 1747 803 1802 Piso

6 1829 123 1880 moratus
146 1826 216 1881 ultra
238 1843 316 1881 neves
341 1827 436 1892 solvit3
457 1827 684 1896 moderabaturque
708 1823 801 1889 cursui,

7 1919 63 1972 quo
80 1904 184 1974 propius
202 1903 387 1974 regrederetur,
407 1904 430 1958 si
450 1923 518 1958 mors
537 1902 681 1958 Germanici
706 1901 803 1973 Syriam

13 1979 159 2048 peruisset.
202 1981 287 2035 Caesar
311 1981 439 2051 paulisper
462 1981 495 2035 ad
518 1999 588 2052 spem
612 1983 719 2044 erectus,
744 1979 848 2040 dein7l

4 2056 80 2110 fesso
101 2075 213 2128 corpore,
235 2058 280 2113 ubi
300 2059 357 2114 finis
374 2058 469 2123 aderat,
489 2058 640 2114 adsistentes
660 2058 752 2113 amicos
776 2058 804 2112 in

4 2133 79 2187 hune
93 2134 194 2189 medum
209 2135 345 2206 alloquitur
354 2141 414 2189 :-“
424 2136 451 2190 Si
467 2135 520 2189 fato
533 2135 702 2199 concederem,
717 2135 827 2205 jesema

14 2209 72 2258 11'1'
86 2210 157 2266 dolor
169 2212 245 2266 etiam
259 2211 379 2268 adversus
392 2212 452 2266 deos
467 2215 542 2276 esset,
556 2211 624 2282 quod
637 2230 677 2265 rue
695 2211 803 2281 parenti·

1 2284 68 2349 bus,
89 2286 182 2353 liberis,
204 2289 300 2359 patriae,
322 2289 391 2342 intra
408 2289 539 2359 juventam
560 2291 712 2358 praematuro
733 2287 804 2342 exibi

4 2369 137 2430 saperent.
174 2365 252 2419 Nunc
268 2365 362 2420 scelere
377 2365 478 2419 Pisonis
495 2369 521 2418 et
538 2363 665 2418 Plancinae
680 2362 827 2432 intercepti

4 2439 56 2490 tus
67 2439 170 2494 rdtimes
182 2459 270 2510 preces
282 2441 428 2511 pectoribus
440 2441 532 2495 vestris
544 2441 674 2509 relinquo:
687 2438 804 2492 referatis

1 2514 79 2582 patri
91 2533 121 2570 ac
132 2517 213 2582 fratri,
232 2517 324 2587 quibus
341 2516 522 2572 acerbitatibus
539 2516 699 2574 dilaceratus,
713 2511 805 2577 quibus

6 2588 110 2644 insidiis
122 2593 310 2646 circumventus
326 2591 493 2644 miserrimam
504 2589 583 2642 vitam
599 2586 709 2654 pessima
724 2583 806 2658 morte

15 2688 20 2709 ε
37 2663 127 2722 ‘erim
158 2669 187 2722 ai
198 2685 262 2738 quos
275 2685 333 2737 spes
345 2683 415 2729 mese,
425 2665 448 2718 ai
460 2660 687 2732 quospropinquus
696 2660 831 2712 ΨΜ
