2026 2992
251 155 453 205 ANNALIUM
471 153 507 204 11.
525 157 627 206 tt-dd.
807 158 836 205 di

39 213 225 338 dtqbdbdmes,
239 285 354 338 quasque
365 265 454 336 oopiss
465 266 584 322 frumenti
596 269 623 321 ot
640 265 753 321 omnium
765 269 839 322 uten-

38 346 118 399 silium
138 361 252 415 qumquo
271 344 343 398 natio
362 343 496 414 penderet,
510 341 577 398 haud
597 343 681 398 minus
704 343 840 414 unguium

38 439 109 492 quam
128 437 201 475 nuno
226 421 254 474 vi
276 419 433 474 Parthorum
456 423 502 474 sut
524 420 639 490 potentis
662 419 778 474 Romans
798 420 839 491 ju·

37 497 133 551 bentnr.
172 496 300 551 Ceterum
324 496 491 563 Garmunious
513 495 568 550 aliis
592 513 693 566 quoque
710 496 881 552 miraculisdi

36 573 143 628 intendit
165 573 292 637 animum,
316 587 427 642 quorum
447 571 574 643 prooipns
596 571 668 626 fuere
691 572 837 627 Memnonis

35 667 108 703 sexes
123 647 233 719 effigies,
250 647 297 703 nbi
311 648 392 704 radiis
406 647 467 703 solis
484 649 536 703 iota
552 652 601 713 est,
618 648 731 704 vooalem
747 667 837 704 sonum

34 725 157 790 reddens;
178 724 354 794 disiectosque
365 725 435 778 iuter
447 726 474 779 ot
485 724 529 779 vix
540 723 640 795 pervius
652 741 741 780 areum
756 725 838 779 instar

33 802 159 856 montium
171 800 276 854 adnoto
287 799 432 870 pyrmnides
443 801 579 855 oartnmina
591 805 618 856 et
629 799 720 871 opibus
732 819 837 872 regmng

31 877 154 947 bousque
173 875 272 930 effossa
287 875 373 940 humo,
393 877 572 946 superfluentis
590 876 646 932 Nili
663 876 836 948 reooptsouiaz

31 957 108 1024 atque
120 951 185 1006 ulibi
196 951 327 1022 angustius
344 957 372 1006 et
388 951 514 1022 profundo
531 951 648 1017 artitudo,
664 952 740 1008 nuliis
756 953 838 1023 inqui·

31 1031 143 1085 rentium
166 1029 262 1100 spatiis
286 1028 457 1099 penetrabilis.
493 1029 561 1084 Itsin
583 1033 690 1086 rentum
713 1030 860 1102 Elephsnt

31 1107 103 1160 tinen
124 1123 155 1160 se
175 1107 289 1176 Syenen,
309 1104 422 1159 elaustro
438 1105 497 1160 olim
511 1105 623 1162 Romani
642 1105 748 1177 imperii,
769 1105 836 1178 quod

31 1200 99 1237 nuno
116 1181 230 1236 rubrum
243 1180 277 1234 sd
288 1198 358 1235 mare
369 1182 484 1251 patescit.

66 1259 137 1312 Dum
150 1275 184 1313 ea
196 1261 276 1312 sestas
289 1257 439 1312 Germanioo
451 1257 536 1327 plures
548 1275 594 1328 per
611 1257 753 1329 provinoius
769 1262 836 1313 trau·
844 1259 882 1316 62

32 1335 134 1406 sigitur,
147 1332 224 1388 baud
235 1333 292 1388 leve
308 1332 386 1388 deors
404 1335 505 1388 Drusus
522 1334 639 1404 quosirit
655 1335 760 1390 illiciens
776 1336 836 1390 Ger·
853 1351 857 1358 ’

32 1427 120 1465 munos
132 1410 168 1464 ad
180 1409 332 1474 discordias,
340 1414 422 1480 utque
430 1410 512 1466 frusto
523 1411 576 1480 jum
584 1411 744 1466 Muroboduo
755 1429 837 1481 usquo

32 1487 60 1540 iu
83 1487 199 1541 exitium
223 1485 395 1540 insisteretur.
431 1486 496 1540 Erat
519 1487 587 1540 inter
611 1488 724 1542 Gotones
745 1487 859 1542 nobilist

29 1563 130 1633 juvenis
142 1563 253 1618 nomine
269 1562 401 1628 Catualda
418 1563 542 1634 profugus
556 1563 616 1618 olim
630 1564 656 1617 vi
674 1563 835 1628 Marobodui,

32 1643 60 1692 et
79 1643 145 1694 tune
167 1637 257 1692 dubiis
275 1637 352 1692 rebus
372 1640 429 1709 ejus
446 1639 570 1694 ultionem
587 1657 673 1694 susus.
710 1640 738 1694 Is
754 1639 858 1694 validat

32 1733 111 1769 manu
128 1716 198 1768 fines
222 1713 464 1768 Muroomsnnorum
483 1715 634 1786 ingreditur,
659 1715 836 1786 oorruptisque

32 1791 194 1860 primoribus
206 1789 241 1844 ad
253 1790 401 1844 sociotatem
413 1791 530 1861 imimpit
542 1791 645 1862 regium,
654 1791 836 1861 ousteiiumque

31 1867 110 1937 juxta
120 1867 212 1921 situm.
252 1866 359 1920 Veteres
371 1866 424 1922 illio
437 1868 577 1922 Suanorum
589 1867 688 1938 prede,
701 1870 728 1921 et
741 1867 859 1922 nostrist

31 1960 47 1997 e
59 1943 204 2014 pnodnofis
215 1942 276 1996 liure
288 1959 317 1997 so
328 1943 501 2013 negotiatores
515 1943 619 2014 reperti,
638 1961 702 2014 qnos
715 1943 758 2015 jus
770 1961 836 1998 oom·

31 2019 130 2084 mercii,
145 2019 209 2073 dein
226 2018 319 2088 cupido
334 2018 445 2088 augendi
461 2020 601 2090 peuunism,
618 2022 776 2090 postremum
794 2019 836 2074 ob

30 2095 93 2150 livio
105 2095 202 2166 putria
214 2094 269 2148 suis
281 2111 406 2165 quemque
418 2095 450 2149 ab
462 2095 564 2150 sudibus
576 2095 695 2150 hostiiem
707 2095 735 2150 iu
747 2113 836 2167 agrum

30 2171 216 2226 transtulerat,
252 2169 413 2225 Muroboduo
436 2171 548 2241 nudique
572 2170 674 2225 deaemo
697 2188 750 2225 non
768 2171 882 2231 sindus

31 2247 183 2302 subsidium
197 2263 274 2316 quum
286 2246 458 2302 miserioordia
469 2247 577 2302 Cosanis
593 2247 652 2301 fuit.
687 2247 837 2316 'ibunsgres-

32 2341 78 2378 sus
91 2321 257 2387 Danubium,
268 2341 319 2392 qua
330 2322 451 2377 Norioam
462 2323 618 2393 provinciam
629 2323 746 2393 profluit,
760 2323 837 2392 serip-

33 2402 67 2455 sit
76 2400 195 2464 rliborio,
206 2417 258 2454 non
266 2403 297 2455 ut
306 2401 430 2472 profugus
440 2405 485 2455 sut
497 2401 613 2471 supplex,
622 2401 669 2455 sed
677 2417 709 2454 ex
717 2401 838 2454 memoris

33 2477 130 2547 prioris
155 2476 285 2531 fortunar
310 2493 370 2530 num
393 2476 481 2531 multis
504 2477 650 2532 nationibus
671 2475 837 2532 clarissimum

35 2553 170 2623 quondam
182 2569 269 2623 regem
288 2553 321 2607 ad
332 2571 360 2608 se
374 2553 530 2618 vocantibus,
543 2553 684 2608 Romansm
701 2551 838 2606 emioitism

36 2629 193 2698 pmtnlisse.
242 2629 406 2698 Responsum
427 2629 559 2683 aGaesare
579 2632 663 2682 tutem
684 2627 709 2680 ei
731 2627 861 2678 honorus

36 2709 145 2775 tsmqne
171 2705 258 2759 sedem
281 2705 308 2760 in
328 2705 408 2759 ltalia
428 2705 490 2768 fore,
513 2704 536 2758 si
554 2706 685 2756 muneret:
705 2701 745 2753 sin
763 2697 839 2748 rebus

64 2791 116 2818 'Mc-
431 2795 449 2831 fl
