1936 2968
143 136 190 184 346
478 133 597 181 ΤΑΟΙΤΙ

778 193 813 240 [a
824 193 853 232 n.
861 194 883 232 c
892 194 940 234 ers.

119 247 288 302 2Arrneniam
300 243 420 300 abscessu
433 245 567 316 Vologesis
579 244 739 297 infirmatam.
777 243 842 297 Non
854 261 885 297 ea
894 244 942 296 irn-

141 323 265 392 pcratoris
280 322 372 378 habere
388 320 509 375 mandata
526 320 650 376 Corbulo:
675 319 789 389 periculo
806 319 941 390 legionum

141 404 295 453 commotum
316 417 331 452 e
351 397 481 468 provincia
501 415 639 468 egressum,
661 395 763 466 quando
787 396 815 449 in
841 396 942 451 incerto

141 475 281 529 habeantur
310 474 465 529 Parthorum
491 481 606 538 conatis,
635 473 733 544 Syriam
756 473 940 542 repetiturum.

120 551 183 606 esic
207 569 308 622 quoque
332 551 454 620 optimam
477 550 619 604 Fortunam
642 548 771 613 orandam,
795 553 828 602 ut
853 549 940 620 pedes,

141 627 272 682 confectus
287 626 376 697 spatiis
392 627 521 691 itinerum,
534 626 642 681 alacrem
659 628 685 679 et
701 625 827 680 facilitate
840 643 942 696 campo-

119 715 198 758 4rum
210 703 405 774 prevenientem
417 703 529 774 equitem
547 705 732 772 assequeretur.
769 701 842 756 Exin
855 703 941 757 Paetus

141 799 187 851 per
203 779 387 851 Cappadociam
403 779 553 834 hibernavit.
590 781 626 833 At
638 778 774 848 Vologesis
788 780 826 831 ad
845 779 941 834 Corbu·

141 857 224 912 lonem
234 857 304 912 missi
315 857 406 920 nuntii,
421 855 566 911 detraheret
576 855 680 910 castella
691 858 763 908 trans
776 855 940 924 Euphraten,

119 943 297 1003 camnemque,
315 937 346 987 ut
363 933 431 996 olim,
452 932 564 986 medium
584 932 686 986 faceret.
722 930 772 985 Ille
788 933 943 985 Armeniam

143 1027 247 1080 quoque
271 1009 377 1064 diversis
401 1008 524 1080 praesidiis
549 1027 653 1063 vacuam
673 1006 729 1062 fieri
749 1008 942 1076 expostulabat.

137 1085 177 1146 m
196 1089 324 1156 postremo
339 1085 465 1140 concessit
480 1103 544 1150 ren;
562 1084 696 1155 dirutaque
713 1100 770 1152 quie
785 1083 944 1155 Euphraten

141 1161 210 1215 ultra
228 1163 426 1216 communiverat
447 1161 566 1226 Corbu10,
587 1165 614 1215 et
632 1160 748 1214 Armenii
769 1159 828 1215 sine
845 1161 943 1217 arbitro

100 1237 223 1292 l8relicti
244 1243 312 1292 sunt.
349 1241 386 1292 At
410 1238 500 1292 Rome
519 1242 616 1307 tropea
634 1235 665 1290 de
686 1236 791 1290 Parthis
815 1256 944 1310 aramque

141 1313 224 1367 medio
237 1313 375 1383 Capitolini
391 1315 485 1368 montis
501 1313 664 1378 sinebantur,
678 1311 781 1367 decreta
798 1313 833 1368 ab
849 1323 944 1370 senatu

141 1389 242 1461 integro
260 1391 343 1445 adhuc
361 1390 434 1455 bello,
453 1408 535 1460 neque
551 1394 608 1444 tum
624 1389 724 1454 omissa,
744 1388 809 1444 dum
825 1393 945 1462 aspectui

120 1466 285 1520 tconsulitur
304 1472 391 1536 spreta
409 1467 570 1522 conscientia.
608 1467 680 1524 Quin
699 1471 725 1520 et
747 1465 945 1524 dissimulandis

142 1561 227 1597 rerum
248 1551 411 1598 externarum
428 1543 505 1608 curis,
524 1543 596 1597 Nem
615 1542 773 1596 frumentum
794 1543 883 1614 plebis
905 1565 946 1601 vc-

142 1625 239 1675 instate
252 1626 400 1690 corruptum
411 1619 439 1674 in
450 1619 562 1675 Tiberim
570 1619 642 1689 jecit,
653 1637 703 1689 quo
715 1620 890 1676 securitatem
902 1641 946 1676 an-

120 1708 214 1753 suone
238 1701 401 1752 sustentaret.
442 1696 524 1766 Cujus
548 1696 630 1766 pretio
653 1695 716 1750 nihil
743 1695 869 1752 additum
898 1707 944 1763 eet,

142 1773 257 1842 quamvis
275 1772 396 1828 ducentes
414 1773 495 1828 ferme
512 1790 589 1827 naves
606 1778 685 1842 portu
699 1772 804 1842 inipso
819 1775 947 1832 violentia

141 1850 309 1920 tempestatis,
327 1857 353 1904 et
371 1854 474 1905 centum
490 1849 552 1904 alins
568 1848 654 1904 Tiberi
665 1848 804 1905 subvectas
816 1851 946 1908 fortuitus

120 1925 216 1995 tignis,
231 1926 420 1997 absumpsisset.
456 1926 519 1980 Tres
532 1925 591 1980 dein
602 1925 754 1990 consulares,
762 1925 798 1982 L.
811 1927 944 1994 Pisonem

141 1999 286 2056 Ducenium
301 2003 443 2066 Geminum,
458 2002 608 2072 Pompeium
621 2001 758 2056 Paulinum
769 2005 945 2076 vectigalibus

141 2075 248 2146 publicis
260 2079 406 2149 praeposuit,
414 2096 472 2133 cum
483 2078 651 2133 insectatione
660 2078 776 2148 priorum
788 2081 944 2154 principun,

142 2153 186 2222 qui
203 2155 331 2224 gravitate
349 2160 496 2225 sumptuum
513 2154 597 2225 justos
613 2153 712 2208 reditus
730 2158 902 2215 anteissent:
919 2177 945 2214 sc

141 2246 254 2283 annuum
265 2232 407 2286 sexcenties
420 2232 568 2286 sestertium
579 2230 616 2285 rei
627 2230 736 2300 publicae
747 2232 851 2305 largiri.
964 2247 966 2286 l

97 2312 133 2365 19
175 2304 360 2360 Percrebuerat
382 2325 412 2361 ea
434 2311 587 2377 tempestate
607 2308 777 2376 pravissimus
797 2330 867 2379 mos
890 2303 966 2369 oum*

139 2377 288 2445 pmpinquis
300 2381 410 2434 comitiis
422 2389 468 2435 aut
480 2391 550 2436 sorte
559 2383 748 2452 provinciarum
756 2386 882 2460 plerique
894 2389 946 2444 orbi
964 2403 966 2428 1

138 2451 205 2504 fictis
218 2451 397 2520 adoptionibus
409 2457 563 2511 asciscerent
575 2457 647 2522 lilios,
656 2465 842 2534 praeturasque
854 2471 885 2522 et
892 2484 945 2538 pro
964 2453 966 2528 i

138 2525 233 2578 vincias
246 2525 313 2578 inter
325 2533 412 2594 patres
424 2533 511 2586 sortiti
523 2533 611 2586 statim
623 2535 776 2592 emitterent
789 2559 874 2596 manu
885 2560 945 2614 qum
964 2541 966 2576 ἱ

115 2596 327 2677 2adoptaverant.
364 2603 462 2672 Magna
482 2623 543 2660 cum
565 2608 661 2663 invidia
682 2618 807 2669 sananim
828 2618 946 2682 adeum

18 2681 53 2704 ¹·
133 2685 177 2733 Jus
188 2676 293 2736 natiuae,
306 2672 405 2730 labores
423 2677 550 2736 educandi
563 2682 686 2742 adversus
697 2687 820 2747 tandm
836 2702 868 2750 et
881 2704 946 2756 artes
