1960 2952
267 107 466 156 ANNALIUM·
480 105 501 154 1.
515 106 618 154 68-56.
811 109 843 156 88

43 173 68 213 Δ.
76 174 99 212 Ι).
110 173 142 220 14,
150 172 176 212 1⁵

42 257 47 262 -
77 225 163 277 Druso
177 171 286 285 desere,
295 221 325 275 O.
335 219 458 276 Norbano
470 217 616 274 oonsulibus
628 216 773 274 decernitur
782 209 889 270 Geatt

43 299 139 354 manico
157 297 311 368 triumphus,
332 301 448 352 manente
465 293 552 360 bello;
570 294 638 367 quod
657 311 801 366 quanquam
819 291 916 374 iuba}

42 380 156 431 aesbtem
175 392 275 430 summa
291 393 340 444 ope
357 374 470 446 parabat,
490 372 565 429 initio
583 373 650 429 veris
668 384 695 428 et
712 371 845 443 repentino
861 390 903 422 un

41 453 68 506 in
92 453 201 507 Chattos
226 469 335 506 excursu
358 452 486 523 praecepit.
524 452 593 506 Nam
620 469 678 521 spes
707 451 845 506 incesserat
854 431 895 531 2¹⁶*

42 529 164 584 dissidere
185 529 286 599 hostem
306 528 334 582 in
351 528 495 583 Arminium
513 547 543 583 ao
562 528 701 599 Segestem,
720 527 846 596 insignem

42 612 181 678 utrumque
197 605 304 676 perfidie
318 604 346 659 in
360 623 406 660 nos
423 609 468 660 aut
485 605 541 661 fide.
578 605 710 660 madum
727 603 869 659 turbatort

43 684 204 747 Germaniae3
226 683 346 752 Segestes
364 681 448 751 parari
466 682 626 738 rebellionem
648 699 714 752 sepe
735 681 796 736 alias
820 683 847 734 et

41 777 161 830 supremo
183 758 307 824 convivio,
329 761 388 828 post
412 758 481 828 quod
501 759 529 814 in
553 776 623 812 arma
643 759 716 823 itum,
739 757 846 828 aperuit,

41 837 174 908 suasitque
191 836 262 888 Varo
279 837 308 889 ut
322 853 351 888 se
368 838 394 889 et
411 835 553 890 Arminium
571 839 599 890 et
614 838 714 890 ceteros
729 851 846 905 proceres

42 913 161 968 vinciret:
180 912 242 966 nihil
256 929 374 966 ausuram
383 911 481 982 plebem
494 910 650 982 principibus
660 911 758 976 amotis,
770 915 847 981 atque
906 965 910 974 ,

41 988 92 1060 ipsi
109 995 211 1060 tempus
235 989 289 1042 lore
307 1006 357 1059 quo
379 988 484 1043 crimina
501 993 528 1043 et
547 987 663 1044 innoxios
683 987 846 1044 discerneret.

39 1066 94 1121 aed
105 1067 193 1120 Varus
212 1066 268 1120 lato
284 1065 352 1120 etri
371 1065 480 1120 Arminii
498 1064 604 1120 cecidit:
625 1065 752 1137 Segestes,
769 1074 870 1136 quan-4

42 1162 119 1214 quam
132 1161 258 1198 consensu
278 1142 362 1212 gentis
378 1141 406 1195 in
421 1141 514 1197 bellum
531 1146 637 1207 tractus,
652 1141 747 1198 ᾶίεοοη
763 1161 846 1198 mane

41 1220 94 1285 bat,
109 1219 193 1274 auctis
205 1219 323 1289 privatim
335 1217 407 1284 odiis,
421 1219 490 1288 quod
501 1219 632 1274 Arminius
644 1219 720 1275 filiam
732 1219 789 1291 ejus
804 1217 847 1275 alii

41 1302 144 1370 paetum
160 1298 288 1366 rapuerat.
326 1297 410 1349 Gener
428 1295 532 1360 invisus,
551 1296 648 1351 inimici
665 1297 761 1364 soceri;
780 1305 868 1369 qua-t

41 1394 92 1447 que
104 1373 174 1446 apud
183 1371 319 1428 concordes
332 1372 432 1428 vincula
444 1374 566 1440 caritatis,
576 1374 741 1431 incitamenta
751 1375 847 1430 barum

42 1451 111 1524 apud
122 1451 237 1506 infensos
250 1453 329 1504 eraut.

75 1529 166 1600 Igitur
185 1526 350 1582 Germanicus
369 1530 491 1596 quattuor
508 1527 628 1600 legiones,
648 1530 760 1602 quinque
778 1529 846 1584 auxi-
854 1531 893 1592 56

40 1606 143 1662 liarium
155 1603 242 1668 millia,
256 1606 282 1658 et
294 1602 473 1659 tumultuarias
486 1610 601 1662 catervas
614 1607 798 1662 Germanorum
810 1608 847 1663 eis

41 1683 165 1738 Rhenum
185 1680 330 1745 colentium,
353 1679 459 1736 Coecinae
482 1682 573 1748 tradit;
597 1682 705 1738 totidem
728 1683 848 1754 legiones,

40 1759 172 1831 duplicem
184 1758 311 1813 sociorum
326 1775 461 1812 numerum
477 1757 531 1830 ipse
544 1759 630 1826 ducit3
651 1760 784 1831 positoque
796 1779 848 1817 oas-

40 1837 103 1891 tello
123 1853 202 1906 super
222 1834 332 1905 vestigia
348 1835 449 1904 paterni
469 1835 581 1906 presidii
601 1837 628 1891 in
646 1841 732 1892 monte
751 1837 846 1905 Tauno,

40 1912 194 1985 expeditum
212 1911 352 1966 exercitum
370 1911 397 1964 in
418 1911 527 1967 Chattos
546 1914 620 1983 rapit,
639 1913 671 1968 L.
681 1915 795 1986 Apronio
816 1916 849 1971 ad

32 1991 200 2046 munitiones
218 1988 316 2043 marum
335 1991 361 2043 et
379 1989 513 2044 fluminum
530 1990 626 2046 relicto.
663 1991 731 2046 Nam
751 1993 869 2063 (rerunt

38 2068 76 2124 illi
95 2066 182 2134 caelo)
196 2065 310 2120 siccitate
328 2069 354 2120 et
372 2065 488 2120 amnibus
506 2067 611 2123 modicis
629 2068 780 2124 inoffensum
799 2070 849 2126 iter

38 2150 234 2218 properaverat,
247 2141 391 2212 imbresque
404 2146 430 2197 et
442 2143 576 2198 fluminum
591 2148 682 2200 auctus
694 2146 848 2219 regredienti
869 2191 873 2196 .

39 2220 215 2277 metuebatur.
253 2219 304 2273 Sed
321 2218 422 2274 Chattis
439 2219 502 2274 adeo
517 2220 670 2292 improuisus
686 2222 796 2288 advenit,
809 2227 869 2290 ut,8

39 2297 112 2369 quod
123 2295 280 2351 imbecillum
294 2299 369 2350 aetate
382 2314 411 2351 ae
428 2315 499 2362 sexu,
513 2299 601 2352 statim
617 2303 720 2370 captum
733 2304 777 2355 aut
793 2305 848 2356 tru-

40 2374 159 2429 cidatum
177 2373 219 2426 sit.
254 2373 384 2428 Juventus
402 2374 498 2428 fiumen
516 2374 645 2430 Adranam
662 2377 747 2431 nando
761 2379 871 2432 tremi-4

40 2459 122 2517 serat,
136 2451 321 2521 Romanosque
337 2455 442 2522 pontem
461 2455 601 2522 ooeptantes
617 2453 744 2508 arcebant.
780 2453 870 2510 Deius

38 2529 181 2587 tormentis
200 2531 351 2602 sagittisque
369 2531 445 2600 pulsi,
463 2531 570 2586 tentatis
588 2531 685 2585 trustra
702 2530 850 2584 conditioni-

40 2607 90 2664 bus
109 2608 192 2680 pacis,
214 2624 272 2661 cum
296 2606 399 2678 quidam
417 2605 449 2659 ad
468 2605 648 2660 Germanicum
669 2602 850 2672 perfugissent,

40 2685 136 2757 reliqui
160 2683 262 2738 omissis
283 2682 357 2754 pagis
376 2682 492 2750 vicisque
515 2679 640 2734 insilias
662 2673 851 2741 disperguntur·
926 2747 965 2760 Δ,

15 2781 16 2784 ’
74 2780 134 2818 sae,
145 2778 203 2810 nora.
213 2778 229 2811 1.
441 2772 461 2809 D
