1960 2952
94 157 96 161 '
151 155 182 202 80
273 183 278 191 ·
488 151 609 200 TACITI
926 169 934 184 ·
977 203 978 212 2

795 209 978 260 [ameum

150 264 221 319 rimis
242 279 300 317 oum
318 261 429 316 lacrimis
448 262 494 317 sed
512 261 609 318 cladem
624 259 760 332 appellans,
775 261 887 315 cremari
903 279 955 317 cor·

185 357 214 394 rn
223 338 305 409 jubet.

126 357 281 472 opolhuces
303 413 380 469 etiam
401 416 458 468 tom
479 415 576 468 animos
598 412 691 484 cupido
710 412 807 467 involat
827 412 910 467 eundi
930 412 956 466 in

150 491 258 555 hostem,
272 491 401 561 piaculum
412 490 523 565 furorisj
542 507 589 545 nec
602 489 676 544 aliter
690 507 765 560 posse
777 489 876 558 placari
888 507 956 544 com·

150 567 295 621 militonum
317 573 403 620 manes
427 584 503 636 quam
525 566 548 620 si
568 565 715 637 pectoribus
735 565 820 635 impiis
845 565 957 620 honesta

127 643 257 698 euoluere
268 642 433 713 accepissent.
471 642 594 712 Sequitur
605 642 721 696 ardorem
737 641 850 695 militum
861 641 956 706 Cesar,
978 701 979 714 ἶ

146 721 290 789 junctoque
306 722 384 789 ponte
396 718 519 772 tramittit
533 717 667 773 duodecim
684 717 763 772 millia
774 735 789 771 e
800 717 956 787 legionibus,

152 811 198 849 sex
219 798 246 848 et
262 794 355 864 viginti
372 793 454 848 socias
471 795 598 860 cohortes,
611 798 670 849 octo
685 793 802 864 equitum
819 794 883 858 alas,
897 811 957 864 qua·

151 889 209 924 rum
221 887 252 923 ea
263 868 388 923 seditione
400 869 553 924 intemerata
563 870 690 924 modestia
701 870 758 924 luit.

104 951 144 1004 50
187 945 262 1009 Lati,
276 963 359 1015 neque
373 945 470 1014 procul,
489 946 609 1000 Germani
624 945 763 1017 agitabant,
776 943 837 998 dum
852 943 958 1014 justitio

129 1020 186 1078 tob
199 1021 320 1075 amissum
332 1022 488 1091 Angustum,
502 1025 561 1091 post
573 1022 715 1086 discordiis,
732 1021 882 1075 attinemur.
922 1024 958 1075 At

153 1097 286 1151 Romanus
298 1095 399 1166 agmine
415 1114 524 1168 propero
542 1098 631 1152 silvam
650 1097 959 1167 Oeesiamaelimitemquea

153 1172 255 1227 Tiberio
267 1177 379 1242 creptum
397 1172 499 1238 scindit,
512 1178 598 1228 castra
612 1174 641 1228 in
655 1173 737 1228 limite
754 1172 829 1237 locat,
843 1173 959 1229 frontem

130 1257 185 1303 tac
208 1252 311 1319 tergum
337 1247 410 1312 vallo,
435 1249 516 1303 latera
539 1248 699 1304 concmdihus
722 1249 847 1303 munitus.
893 1249 959 1303 Inde

155 1324 236 1378 saltus
248 1323 370 1378 obscuros
387 1328 509 1394 permeat,
523 1325 702 1396 consultatque
721 1344 753 1379 ex
769 1324 873 1380 duobus
886 1325 959 1380 itino

36 1428 39 1432 ·
154 1399 226 1452 ribus
246 1399 324 1454 breve
344 1403 371 1454 et
390 1401 494 1456 solitum
513 1405 694 1473 sequanmur
709 1400 859 1472 impeditius
879 1403 960 1457 etin·
977 1411 979 1480 j

132 1478 285 1529 arenearum
304 1493 386 1546 eoque
403 1471 520 1532 hostibus
538 1479 677 1534 incautum.
714 1478 823 1533 Deiecto
839 1477 960 1550 longiore
978 1483 979 1492 ’

155 1551 198 1604 ria
213 1555 298 1605 cetera
309 1551 500 1607 adcelerantur:
519 1554 613 1608 etenim
629 1555 770 1609 attulerant
782 1553 960 1624 exploratores

156 1625 250 1679 festam
274 1644 330 1680 eam
355 1627 488 1682 Germanis
511 1633 614 1682 noctem
638 1647 668 1684 ac
689 1629 854 1684 sollemnibus
877 1631 960 1700 epulis

127 1700 287 1760 eludium.
336 1702 437 1758 Caecina
449 1721 508 1757 cnm
519 1703 645 1774 expeditis
661 1704 809 1759 cohortibus
826 1708 960 1775 praeireet

157 1777 288 1832 obstantia
310 1777 430 1833 silvarum
454 1779 550 1833 amoliri
571 1779 693 1850 jubetur:
721 1779 834 1850 legiones
860 1782 961 1836 modico

133 1853 290 1911 cintervallo
316 1857 466 1924 sequnntur.
515 1855 588 1911 Jurit
611 1873 664 1910 nox
689 1854 814 1910 sideribus
840 1856 961 1922 illustris,

158 1933 314 1998 ventumque
326 1928 358 1983 ad
369 1930 439 1984 riom
451 1930 605 1996 Marsorum,
619 1935 645 1986 et
658 1930 821 1987 circumdata
833 1935 962 1988 stationes

158 2003 247 2057 stratis
260 2004 337 2058 etiam
348 2008 405 2059 turn
421 2023 467 2076 per
482 2006 576 2062 cubilia
591 2011 746 2079 propterque
762 2025 874 2073 mensas,
892 2010 962 2064 nullo

134 2085 237 2145 tinctu,
261 2099 314 2136 non
338 2084 488 2154 antepositis
509 2086 611 2156 vigiliis.
646 2087 720 2142 Adeo
744 2091 838 2141 cuncta
862 2088 963 2143 incur‘n

158 2155 265 2227 disjecta
275 2163 356 2223 erant,
369 2177 452 2230 neque
463 2160 524 2215 belli
535 2162 627 2228 timor;
646 2179 675 2218 ac
687 2181 720 2218 ne
731 2181 782 2234 pax
793 2161 904 2233 quidem
914 2164 963 2220 nisi

158 2230 278 2302 languida
289 2237 316 2288 et
328 2234 420 2299 solnta,
433 2237 502 2290 inter
513 2237 675 2294 temulentos.

111 2321 147 2374 51
195 2312 284 2366 Caesar,
303 2313 390 2368 avidas
409 2314 530 2386 legiones,
554 2335 604 2388 quo
628 2317 703 2372 latior
726 2316 860 2388 populatio
886 2319 961 2384 foret,

159 2390 281 2456 quattuor
305 2389 333 2442 in
356 2407 451 2444 cuneos
475 2391 612 2462 dispertit;
643 2393 829 2464 quinquaginta
851 2395 963 2450 millium

135 2461 270 2530 aspatium
289 2463 356 2516 ferro
373 2464 532 2536 flammisque
549 2472 687 2537 pervastat.
723 2470 784 2523 Non
803 2487 893 2535 sexus,
912 2489 964 2526 non

159 2541 222 2588 atas
240 2535 427 2592 miserationem
445 2541 549 2608 attolit;
576 2543 682 2613 prolana
699 2545 775 2599 sirnul
792 2549 820 2599 et
838 2563 925 2612 sacra,
938 2552 963 2602 et

160 2609 350 2663 celeberrimum
370 2611 420 2666 illis
443 2617 564 2684 gentibus
589 2619 719 2688 templum,
740 2620 808 2692 quod
832 2623 965 2693 Tamsanoe

137 2682 293 2751 trocabant,
317 2685 372 2740 solo
395 2695 537 2758 aquantur.
578 2693 639 2747 Sine
658 2695 764 2752 volume
786 2697 895 2764 milites,
922 2697 965 2770 qui
