1862 2952
203 107 395 160 Amastrum
412 109 456 159 tv.
473 111 577 160 aa-tt.
738 109 785 159 ld}

20 162 194 305 ¹llbdrlds'iietori
210 222 331 293 permisit.
367 219 454 279 Ssouti
469 224 545 278 etate
566 223 611 278 aut
628 237 693 276 sexu
707 218 808 275 imbet

33 292 74 377 ulli,
89 306 112 350 et
132 297 215 366 qubus
231 299 312 370 major
328 299 389 355 ritae
406 317 482 370 quam
501 297 589 369 glorise
611 295 712 368 cupido.
746 297 785 352 aa

30 375 123 437 parentas
134 372 230 429 Tarsam
240 374 307 430 inter
318 381 345 430 et
354 375 470 430 'l‘uresim
482 373 677 430 distrahebatur.
713 372 808 428 Utri-t

31 461 65 514 tte
82 447 224 504 destinatum
246 469 305 506 eum
332 449 451 506 libertate
478 449 608 506 metm:
637 448 684 505 sed
706 449 787 505 'l'arsa

28 526 785 599 anperrnmen‚sbrumpsndmpunsrspessonam

28 597 139 668 domitans,
162 603 229 658 dedit
252 604 396 676 exemplum
419 604 530 660 demisso
551 603 579 658 iu
598 607 688 674 peotm
708 603 784 658 ferro.

27 673 68 732 ileo
77 677 168 736 defuere
179 682 223 752 qni
234 681 323 738 eodem
334 679 410 736 modo
424 683 582 753 oppeterent.
618 680 721 736 lbresis
738 685 808 734 suat

26 765 68 807 tum
77 772 144 810 manu
154 761 253 812 nontam
268 759 408 829 opperitur,
420 757 489 813 haud
505 759 592 814 neseio
608 756 672 812 duee
688 759 784 811 nostro.

24 825 94 898 Igitur
113 832 212 888 firmate
234 834 359 889 stationes
382 833 541 890 densioribus
564 833 654 905 globis.
690 833 727 887 Et
749 831 809 886 int

24 905 111 974 suebat
121 926 169 964 nox
183 909 269 965 nimbo
285 913 377 974 atrox3
394 909 533 981 hostisque,
550 909 659 966 elamore
674 907 786 974 turbido,

22 980 83 1036 nodo
101 1002 141 1054 per
159 989 258 1040 vastum
279 986 416 1051 silentium,
434 987 545 1042 inoertos
564 985 710 1042 obsessores
728 985 787 1040 sne-

22 1060 153 1122 teretem
170 1061 278 1117 Sabinus
296 1061 437 1128 oireumme,
454 1062 552 1117 hortari
569 1079 603 1117 ne
621 1062 654 1116 ad
668 1059 787 1132 ambigua

21 1132 160 1194 tonitusant
178 1137 367 1192 simulationem
385 1139 478 1209 quietis
498 1155 585 1193 oasam
608 1136 787 1194 insidiantibus

20 1209 134 1276 ornent,
158 1213 201 1268 ssd
224 1231 272 1268 sua
296 1213 403 1285 quisque
426 1213 518 1280 munia
527 1215 665 1268 merent
688 1212 787 1268 immoti

20 1283 111 1356 telisque
120 1305 169 1342 uon
179 1290 311 1344 insalsum
326 1279 549 1366 jeotisls'luteree
563 1285 664 1344 barbari
678 1285 831 1344 catervistl

20 1357 162 1420 termes
179 1383 248 1421 nune
268 1366 296 1420 in
315 1365 410 1420 vallum
429 1365 554 1420 manualia
574 1383 642 1430 saxa,
664 1369 788 1436 prreustas
876 1423 879 1430 ,

20 1436 89 1503 tudes
100 1440 178 1496 derisa
188 1442 280 1498 robora
289 1441 381 1512 jaoere,
391 1459 458 1496 nuno
469 1441 587 1513 virgultis
598 1445 625 1496 et
637 1441 749 1497 oratibus
761 1445 788 1498 et

20 1515 147 1584 torporibus
158 1518 280 1572 exanimis
296 1517 422 1588 eomplere
437 1518 526 1582 fossas,
540 1517 641 1588 qnidam
657 1521 748 1588 pontes
761 1519 788 1572 at

20 1589 86 1645 trabs
97 1596 150 1648 ante
161 1593 278 1648 fabricati
291 1593 385 1648 inferre
400 1593 603 1664 propugnaculis,
616 1611 698 1662 eaque
713 1611 788 1663 pren-

20 1677 72 1728 Μ,
83 1665 214 1734 detrahere,
229 1673 256 1724 et
269 1669 402 1724 adversum
413 1670 561 1726 resistentes
579 1669 719 1724 oomminus
730 1668 787 1723 niti

20 1730 81 1796 llllos
92 1748 175 1800 eontra
186 1745 323 1800 delambere
334 1745 400 1810 telis,
410 1745 503 1830 pellpre
512 1744 672 1809 umbonibus,
683 1745 812 1800 muraliat

20 1815 62 1884 pla
80 1827 209 1892 oougestm
228 1821 340 1892 lapidum
356 1821 434 1876 moles
452 1821 606 1892 provolvere.
641 1821 692 1876 His
710 1825 789 1892 parte

20 1891 112 1952 tatone
123 1916 180 1969 spes
191 1901 227 1962 et,
240 1898 263 1952 si
275 1897 373 1962 cedant,
386 1897 532 1968 insignitius
543 1897 676 1969 flagitium,
689 1897 738 1952 illis
748 1915 791 1952 ex·

20 1985 84 2026 rema
91 1973 142 2044 jam
154 1974 230 2040 salus,
244 1977 271 2028 et
283 1974 430 2028 assistentes
445 1973 571 2045 plerisque
584 1979 677 2030 matres
694 1977 720 2028 et
732 1991 790 2030 oon·

20 2059 82 2116 Eget,
93 2067 228 2121 earumque
240 2049 357 2115 lamenta,
371 2049 467 2104 addunt
483 2051 588 2105 animos.
624 2049 686 2105 Nox
697 2051 751 2106 aliis
762 2051 812 2104 int

20 2123 136 2192 admon,
150 2127 205 2182 aliis
222 2126 255 2180 ed
268 2125 427 2180 formidinem
441 2131 592 2198 opportuna,
606 2126 698 2182 inserti
714 2127 789 2192 iolas,

20 2199 105 2256 ulnera
119 2203 263 2274 improvise,
280 2221 384 2257 suorum
398 2206 475 2273 atque
486 2203 598 2258 hostium
614 2203 747 2274 ignoratio,
763 2207 790 2257 et

20 2277 94 2332 rontis
110 2281 236 2334 amiraotu
250 2297 405 2350 repercussae
421 2279 491 2334 velut
508 2299 523 2334 a
539 2284 613 2352 tergo
631 2297 714 2345 voees,
728 2280 790 2335 adeo

20 2359 92 2408 aneta
103 2355 265 2419 misouerant,
275 2359 305 2409 ut
313 2355 428 2426 quaedam
436 2357 594 2411 munimenta
601 2357 710 2410 Romani
720 2355 792 2428 quasi

20 2435 122 2500 enupta
144 2431 284 2486 omiserint.
325 2431 417 2502 Neque
440 2436 527 2486 tamen
548 2449 682 2504 pervasere
705 2433 815 2486 hostes*

20 2501 52 2558 isi
74 2507 209 2564 admodum
232 2508 322 2578 pauni:
353 2512 459 2573 eeteros,
481 2508 580 2580 dejeoto
603 2507 792 2576 promptissimo

20 2595 100 2652 troque
112 2589 159 2639 aut
170 2584 265 2649 sannio,
276 2587 411 2655 appetente
421 2585 474 2654 jam
483 2585 539 2638 lues
548 2588 648 2636 trusere
659 2581 687 2630 in
696 2593 794 2631 summa

20 2659 105 2729 ualli,
118 2661 164 2718 ubi
175 2659 279 2719 taudem
291 2665 380 2718 ooaota
391 2659 494 2714 deditio.
529 2659 566 2712 Et
578 2652 692 2723 proxima
703 2648 815 2713 eP⁰¹¹i²⁵
