2026 2992
46 213 97 252 ab.
107 213 150 274 a}
243 151 441 202 ANNALmu
459 153 510 202 111.
529 155 632 204 8447.
789 155 835 203 nc

44 267 165 332 castigatus
191 261 293 335 oblique
315 263 434 334 patribus
458 264 526 336 qued
546 267 638 320 meda
658 281 778 320 aruum
802 263 836 320 ad

42 338 172 409 principem
190 339 335 410 rejicerent,
355 339 394 396 M.
408 338 535 412 Iaepidum
552 345 580 396 et
596 340 703 396 sunium
722 341 836 396 Blesum

42 416 347 487 mmiuavitexquispro
362 417 467 472 cemele
483 417 578 472 Abire
595 417 731 489 legeretur
768 418 858 474 Turni

42 491 119 546 audita
129 492 267 548 amborum
282 493 367 558 verbe
385 493 509 550 intentius
527 497 667 550 excusante
682 511 711 550 es
726 495 834 566 Lepide,

41 585 91 622 eum
112 569 283 626 valitudinem
307 569 429 640 corporis,
454 573 556 624 etatem
580 569 696 636 liberum,
721 571 834 626 nubilem

39 646 106 700 filium
119 646 282 714 obtenderet,
293 647 539 718 intellegereturque
556 649 634 703 etiem
651 647 720 720 qued
735 649 833 714 sdebet,

38 723 187 778 mmculum
205 741 264 778 esse
283 723 369 794 Sejaui
385 723 504 789 Blesum,
520 727 598 796 atque
616 741 647 779 ec
664 725 834 795 prerelidum.

37 799 176 868 Respondit
193 799 297 854 Blaesus
314 799 399 870 specie
417 799 567 865 recusantis,
585 798 631 856 sed
646 817 729 872 neque
747 800 858 856 cedema

36 875 229 940 asseveratione,
244 879 271 930 et
282 893 409 930 consensu
421 875 577 932 adulantium
589 875 658 932 baud
666 876 740 948 jutus
752 881 800 932 eet.

67 951 135 1008 'driu
154 955 308 1024 promptum
329 951 400 1022 qucd
420 953 559 1008 multorum
579 953 678 1008 intimis
701 953 836 1024 questibus
843 957 882 1012 36

36 1029 176 1099 tegebatur.
216 1027 359 1084 Incedebat
372 1029 442 1084 euim
459 1029 597 1085 deterrimo
614 1030 707 1101 cuique
725 1030 834 1096 lieentia,

34 1106 135 1175 impune
151 1105 250 1176 probra
264 1108 291 1160 et
309 1104 431 1160 insidiam
448 1105 476 1160 in
490 1107 570 1162 bcuce
586 1106 714 1162 excitandi
734 1111 837 1178 arrepta

38 1182 146 1253 imagine
159 1182 272 1238 Cnemis
285 1201 293 1246 ;
310 1181 446 1253 libertique
458 1183 536 1238 etiam
548 1201 578 1238 ac
590 1183 658 1238 servi
668 1185 777 1254 petrono
794 1182 836 1238 rel

38 1257 138 1314 domino
150 1278 212 1315 cum
231 1276 317 1324 voces,
330 1277 390 1314 cum
406 1277 496 1314 manus
513 1261 679 1324 intentarent,
698 1259 767 1314 ultre
785 1277 836 1315 me-

35 1334 181 1391 tuebantur.
221 1335 310 1406 Igitur
334 1335 364 1390 0.
379 1334 481 1392 Qum
504 1339 609 1392 seuatcr
628 1335 751 1391 dueemit
768 1336 858 1407 prin-2

34 1410 517 1482 aipesqnidemiusterdaerumeese:
537 1412 582 1468 sed
599 1430 682 1484 neque
699 1430 714 1466 a
730 1412 772 1467 dis
787 1413 838 1468 uisi

34 1488 115 1556 justas
139 1488 289 1560 supplicum
309 1505 398 1558 preces
417 1488 507 1554 audiri,
529 1507 613 1560 neque
631 1505 783 1559 quemquam
809 1488 838 1542 iu

38 1563 191 1634 Capitolium
200 1565 282 1620 aliare
294 1563 366 1620 urbis
378 1565 475 1636 templa
485 1566 628 1636 perfugere,
639 1568 670 1620 ut
679 1581 710 1620 eo
723 1563 837 1619 subsidia

38 1639 177 1714 adflagitia
197 1645 298 1696 utatur.
335 1640 452 1696 Abulites
472 1641 543 1713 leges
561 1645 589 1696 et
604 1640 723 1698 funditus
739 1652 859 1706 vessima

38 1716 79 1770 ubi
95 1717 123 1772 iu
140 1718 209 1786 foro,
226 1718 255 1772 in
272 1717 361 1772 limine
378 1717 456 1772 euriae
473 1718 505 1772 ab
524 1717 611 1772 Annia
631 1717 734 1782 Rutilia,
759 1735 836 1787 quam

39 1791 130 1848 umus
154 1793 207 1850 sub
225 1792 315 1864 judice
334 1792 512 1859 damnavisset,
534 1793 626 1865 probra
645 1793 696 1850 sibi
715 1797 741 1849 et
762 1794 837 1849 mines

38 1868 211 1936 mteudautur,
223 1889 309 1941 neque
321 1871 376 1940 ipse
392 1870 484 1926 audeat
493 1872 536 1942 jus
554 1871 665 1942 experiri
681 1871 714 1926 ob
729 1871 837 1942 effigiem

37 1943 198 2016 imperatoris
211 1947 366 2018 oppositam.
401 1947 480 2002 Haud
492 1947 624 2002 dissimilia
635 1947 722 2011 abiet
734 1947 862 2018 quidamt

38 2023 163 2078 sbcciore
184 2022 450 2094 circumstrepebaut3
475 2023 694 2094 precabanturque
713 2024 836 2088 Drusum,

37 2098 110 2153 deret
133 2099 244 2154 ulticms
273 2098 424 2169 exemplum,
451 2099 531 2154 donee
557 2100 664 2154 accitam
688 2099 839 2155 convictam·

37 2193 87 2243 que
111 2176 221 2232 atbneri
245 2174 348 2245 publicu
370 2175 487 2230 emtedia
511 2176 597 2246 jussit.
642 2175 679 2230 lit
703 2175 839 2231 Considius
850 2184 886 2244 37

39 2251 139 2322 AElquus
157 2255 186 2306 et
204 2251 300 2306 Caelina
319 2251 416 2306 Cursor
432 2252 532 2322 equites
550 2251 668 2316 Romani,
687 2251 756 2322 quod
773 2252 840 2308 fietis

42 2328 187 2397 majestatis
211 2326 361 2382 criminibus
384 2327 502 2398 Magium
522 2327 685 2383 cecilianum
705 2332 841 2398 praetorem

42 2404 202 2472 petivissent,
216 2407 323 2460 auctore
338 2405 452 2474 principe
467 2422 496 2459 ae
513 2403 616 2459 decreto
632 2407 736 2458 eeuetrss
748 2403 840 2474 puniti.

45 2479 191 2552 Utrumque
202 2481 232 2536 in
243 2479 345 2536 laudem
357 2481 439 2535 Drusi
450 2481 617 2536 trahebatur:
643 2480 675 2533 ab
688 2497 726 2541 sc,
739 2481 768 2532 iu
778 2477 867 2531 urbes

44 2554 107 2612 inter
124 2561 208 2613 caetus
225 2559 253 2611 et
270 2573 400 2612 sermones
417 2555 549 2610 bominum
567 2555 726 2616 obversante,
745 2554 844 2605 secrete

45 2632 119 2697 patris
126 2632 251 2703 mitigeri.
283 2632 376 2701 Neque
385 2631 461 2684 luxus
471 2631 600 2700 injussus
610 2628 672 2682 adeo
682 2622 843 2693 displicebat:
854 2628 868 2669 ³

45 2706 90 2762 buc
99 2710 187 2778 potius
199 2707 357 2771 intenderet,
368 2707 436 2760 diem
448 2703 668 2764 aedificationibus,
677 2702 779 2752 noctem
788 2705 845 2742 ⁰01¹·

69 2799 162 2837 rac.‚ro
185 2817 189 2826 .
435 2796 446 2832 1
