1860 2956
37 219 112 262 Μ
192 163 383 214 ANNALIUM
400 163 478 211 Xlll.
497 164 598 212 lt-ltt
740 161 787 214 ²7⁷

37 223 161 341 quippeiibi
177 290 315 344 supremum
334 274 456 329 amilium
473 277 597 344 ereptum,
616 275 644 326 et
661 271 788 343 parricidii

35 348 152 418 exemplum,
164 350 323 422 intelligebat.
361 351 470 406 Octavia
478 368 586 421 quoque,
596 347 712 419 quamvis
721 346 811 404 rudi-r

34 418 67 476 bus
74 425 261 495 annisdolorem,
271 427 412 492 caritatem,
422 445 510 482 omnes
519 427 625 481 allectus
635 423 788 480 madere

33 495 133 556 diluerat.
165 503 205 558 lte
226 507 284 574 post
309 503 386 558 breve
404 503 533 558 silentium
551 501 663 573 repetita
680 499 834 557 convivit?

32 573 104 633 latitia
135 581 190 636 Non
207 581 292 636 eadem
310 599 398 637 necem
417 580 559 636 Britannici
576 584 603 635 et
621 597 711 650 rogum
729 595 788 633 con·

29 650 101 720 junxit,
116 658 207 726 proviso
227 662 285 713 ante
302 658 403 713 funebri
421 662 519 729 paratu,
538 657 582 728 qui
597 655 711 711 modicus
729 654 786 708 luit.

31 726 147 803 lumnpo
167 738 249 790 tamen
271 734 366 789 Martis
390 734 506 806 sepultus
527 741 575 798 est,
597 731 660 787 adeo
678 730 812 786 turbidiat

30 803 134 874 imbribus,
155 815 183 866 ut
204 811 295 882 vulgus
319 811 383 865 nam
407 811 483 866 dedm
509 809 627 882 portendi
650 807 787 863 crediderit

30 879 125 940 advenas
135 886 232 952 lacinus,
246 888 288 942 eui
306 887 419 958 plerique
435 888 512 942 etiam
528 886 659 942 hominum
672 885 788 956 ignosce·

29 954 81 1023 tut,
93 963 195 1034 unaque
207 963 316 1018 earnm
328 963 466 1018 ussine
478 969 505 1018 a
523 961 668 1017 inscenbfle
680 978 787 1032 regam

27 1035 160 1093 estimantes.
193 1039 307 1094 liadunt
325 1039 438 1111 plerique
449 1057 535 1094 eornm
555 1043 696 1108 temporum
709 1037 811 1107 scrip-8

25 1111 86 1177 tores,
97 1115 180 1170 crebris
192 1120 251 1170 ante
263 1116 370 1171 exitium
388 1115 476 1171 diebus
495 1116 597 1171 illusum
609 1115 660 1168 isse
672 1113 787 1184 pueritie

23 1183 140 1246 Britannici
161 1193 306 1258 Neronem
324 1196 354 1246 ut
375 1192 429 1263 jam
452 1211 504 1246 uon
527 1194 680 1262 praematura
705 1207 787 1260 neque

22 1277 76 1318 cera
89 1284 148 1321 mors
158 1269 237 1323 videri
250 1271 334 1339 queat,
352 1269 466 1338 quamvis
478 1269 546 1323 iuter
559 1283 630 1322 sacra
642 1284 742 1331 mensa,
756 1283 788 1320 ne

20 1339 114 1411 tempore
125 1344 222 1415 quidem
234 1344 267 1399 ad
279 1345 437 1415 complexum
449 1363 564 1400 sororum
576 1343 642 1410 dcto,
655 1347 714 1398 ente
729 1360 790 1398 oeu-

19 1411 51 1468 los
64 1417 147 1474 inimici
161 1424 297 1492 properata
314 1421 348 1474 sit
368 1421 396 1475 in
414 1421 485 1476 illum
507 1437 653 1491 supremum
674 1418 790 1474 Claudio

16 1507 64 1546 ram
80 1497 226 1567 sangninem,
250 1501 339 1567 stupro
356 1497 426 1568 prius
445 1515 520 1568 quam
538 1514 635 1552 veneno
655 1496 788 1567 pollutum.

15 1563 195 1628 Festinationem
224 1573 388 1644 exequiarum
412 1573 496 1630 edicto
520 1574 606 1629 Caesar
629 1572 750 1637 defendit,
775 1585 813 1630 a4

14 1646 135 1716 majoribus
151 1650 300 1705 institutum
316 1650 428 1705 referens
443 1651 592 1706 subtrahere
608 1650 688 1704 oculis
700 1648 791 1704 aeerba

12 1717 97 1789 mera
114 1745 194 1796 neque
208 1725 396 1781 laudationibus
414 1731 459 1782 aut
476 1745 568 1798 pompa
584 1727 705 1782 detinere.
742 1725 812 1785 Get

12 1799 86 1856 terum
100 1808 124 1858 et
138 1805 187 1860 sibi
203 1805 296 1858 amisso
314 1804 401 1860 fratris
417 1807 511 1862 auxflio
527 1807 637 1878 reliquas
652 1823 710 1877 spes
722 1805 749 1860 in
762 1823 790 1860 re

11 1877 100 1946 publiea
110 1881 179 1946 sitas,
193 1885 219 1936 et
231 1885 305 1935 tanto
317 1883 398 1953 magis
409 1882 546 1938 fovendum
558 1883 675 1955 patribus
687 1882 790 1954 popule

11 1967 54 2022 que
64 1957 203 2029 principem,
217 1957 262 2028 qni
275 1975 342 2011 unus
360 1964 531 2029 superessete
550 1959 646 2014 iannlia
663 1977 790 2014 summum

9 2029 38 2084 al
48 2031 171 2105 festigium
182 2034 277 2106 genita
314 2035 383 2089 Exin
394 2035 528 2108 largitione
539 2036 686 2108 potissimos
700 2036 835 2094 amico-18

8 2119 60 2162 rum
80 2110 155 2165 auxit.
192 2110 250 2166 Neo
273 2110 384 2176 deluere,
410 2112 455 2183 qai
478 2116 614 2182 arguerent
640 2113 709 2169 viros
733 2131 790 2186 gra·

6 2181 103 2240 ritatem
120 2191 301 2252 asseverantes,
321 2187 389 2258 quod
407 2188 503 2253 domos,
523 2189 602 2254 villas,
621 2188 648 2245 id
667 2190 789 2261 temporis

1 2263 71 2328 quasi
82 2263 190 2334 predam
202 2263 356 2319 divisissent.
392 2265 445 2320 alii
462 2267 639 2320 necessitatem
651 2266 812 2325 adhibitam

1 2337 132 2394 ‘madebant
144 2359 160 2394 a
171 2340 292 2411 principe,
306 2341 407 2396 sceleris
419 2341 469 2397 sibi
480 2343 580 2398 conscio
592 2346 619 2398 ct
630 2344 728 2398 reniam
736 2361 791 2414 spe·

4 2418 77 2482 ruste,
90 2417 113 2471 si
127 2416 305 2486 largitionibus
323 2417 506 2473 validissimum
523 2436 648 2490 quemque
665 2420 791 2474 obstrinx-

2 2485 69 2547 isset.
114 2495 152 2548 Aa
174 2493 264 2548 matris
288 2494 326 2548 ira
349 2494 418 2549 nulla
440 2495 613 2550 munificentia
635 2495 715 2559 leniri,
747 2495 813 2553 sads

4 2567 116 2638 amplecti
133 2569 274 2634 Octaviam,
294 2569 382 2624 crebra
399 2589 457 2626 aum
474 2572 561 2626 amicis
578 2574 676 2625 secreta
690 2569 790 2633 habere,

3 2655 73 2712 tuper
95 2645 237 2717 ingenitam
255 2646 386 2700 avaritiam
403 2646 516 2716 undique
534 2645 654 2714 pecunias
672 2643 746 2708 quasi
765 2643 793 2694 in

5 2718 140 2776 subsidium
157 2721 305 2792 corripiens,
324 2721 441 2776 tribunos
460 2725 487 2774 et
510 2715 671 2772 centuriones
688 2712 794 2764 comiter
