2030 3000
44 213 68 250 A.
78 213 143 259 M&
153 211 197 263 u]
235 151 434 204 ANNALIUM
450 155 513 204 XII.
525 157 628 206 61-65.
790 157 838 208 265

44 262 80 315 oio
98 261 301 334 Bosporanoque
318 264 385 320 bello
400 285 489 322 reeens
503 267 585 322 fessos
598 266 776 339 iuvandosque
789 271 840 324 ret-

44 338 110 392 tulit.
147 340 193 394 lta
202 340 302 396 tributa
313 342 341 396 iu
352 345 552 414 quinquennium
564 345 677 400 remissa

76 415 114 469 M.
128 416 228 482 Asinio,
248 418 294 471 Μ’.
308 419 389 473 Acilio
404 420 557 486 oonsulibus,
569 420 737 476 mutationem
755 427 885 480 rerum64

44 492 69 545 in
91 491 207 548 deterius
230 495 350 563 portendi
373 497 503 568 eognitum
527 501 567 552 est
590 497 685 552 enebris
708 497 910 589 pffligffi‘iiiss

46 569 122 640 Signa
133 587 165 624 ao
176 571 289 625 tentoria
300 572 409 627 militum
421 573 480 645 igne
493 573 588 629 oniesti
599 591 690 630 arsere.
726 573 840 646 nauigio
852 575 898 637 ω]

46 645 165 716 Capitolii
188 665 296 702 exarnen
319 650 402 720 apinam
427 650 527 706 insedit.
563 651 623 705 Biio
710 635 852 708 homimis?
860 648 891 687 ⁶⁴·

46 727 140 792 partus,
164 727 191 778 et
211 724 264 779 suis
285 724 367 780 fetrum
386 727 492 792 editum,
513 728 555 782 oni
574 727 665 798 aooipit
723 703 863 799 ἰἰιιςιιεεε2

46 800 165 854 inessent.
201 801 392 857 Numerabatur
411 803 478 858 inter
643 807 772 859 eminutus
790 818 863 863 oms

46 876 113 930 nium
133 877 333 947 magistratuum
351 897 480 944 numerus,
497 884 630 950 questore,
649 880 723 945 aedili,
737 880 841 936 tribuno

47 969 74 1006 ao
90 957 202 1023 praetore
220 957 247 1008 et
265 954 375 1020 oonsule,
394 974 488 1026 paueos
504 957 573 1011 intra
587 975 687 1012 menses
705 955 840 1014 defunctis.

47 1028 95 1082 Sed
120 1030 151 1084 in
174 1031 302 1100 praeeipuo
325 1049 419 1102 pavore
448 1033 597 1104 Agrippina,
621 1051 708 1088 voeem
734 1033 865 1099 Claudiis

41 1123 118 1174 -qusm
132 1105 291 1196 temule
301 1107 404 1178 jecerat,
413 1108 490 1164 fatale
502 1109 550 1164 sibi
561 1113 592 1163 ut
603 1110 740 1180 eonjugum
747 1110 844 1180 flagitia

46 1183 132 1248 ferret,
146 1181 207 1237 dein
223 1188 333 1254 pumret,
346 1188 470 1250 metuens,
484 1204 559 1258 agere
571 1190 598 1240 et
616 1186 725 1241 peierare
743 1187 843 1255 statuit,

47 1259 147 1329 perdita
158 1259 230 1330 prius
242 1260 356 1315 Domitia
367 1261 480 1332 Lepidm
499 1262 664 1317 muliebribus
677 1263 769 1328 nausis,
785 1263 845 1334 quia

47 1337 146 1408 Lepida
174 1337 272 1392 minore
301 1339 415 1394 Antonia
443 1339 536 1410 genita,
561 1339 686 1395 avunoulo
714 1343 843 1411 Augusto,

48 1413 197 1485 Agrippina
249 1413 286 1470 b'
343 1415 413 1485 prior
436 1434 465 1471 ao
486 1416 557 1471 Omni
579 1417 665 1471 mariti
685 1418 740 1488 ejus
764 1435 842 1483 soror,

48 1510 134 1562 parem
154 1490 204 1546 sibi
276 1492 281 1503 ‘
314 1490 398 1546 dinem
419 1492 545 1548 credebat.
585 1493 642 1550 Neo
662 1493 751 1558 forma,
773 1498 865 1559 natast

49 1586 115 1638 opes,
127 1567 239 1622 multura
257 1567 403 1635 distabant3
421 1571 448 1624 et
465 1573 574 1640 utreque
585 1570 721 1641 impudioa,
733 1570 843 1636 infamis,

49 1645 166 1710 violenta,
179 1643 249 1699 haud
266 1645 350 1700 minus
362 1645 432 1701 vitiis
450 1646 640 1712 aemulabantur,
661 1665 736 1716 quam
755 1647 777 1701 si
795 1665 845 1717 qua

50 1740 78 1776 ex
95 1722 203 1776 fortuna
220 1739 341 1793 prospera
362 1727 518 1793 aoeeperent.
554 1722 692 1778 Enimvero
716 1728 867 1780 certament

49 1798 207 1864 aoerrimum,
220 1799 299 1852 amite
310 1799 395 1869 potius
408 1817 440 1853 an
455 1804 538 1855 meter
552 1798 619 1870 apud
637 1799 767 1854 Neronem
783 1817 845 1869 pne

48 1876 160 1930 valeret:
185 1885 245 1930 uam
268 1874 367 1946 Lepida
394 1875 573 1932 blandimentis
610 1893 640 1930 ao
668 1875 846 1946 largitionibus

46 1954 187 2023 juvenilem
204 1953 316 2008 animum
334 1953 499 2020 devinciebat
518 1955 586 2010 truoi
604 1958 693 2010 eontra
712 1973 741 2009 ae
783 1955 788 1966 '
839 1955 845 1967 '

49 2029 199 2102 Agrippina,
213 2048 270 2099 quae
281 2029 333 2084 filio
349 2029 409 2085 dare
423 2027 686 2101 unpemuffimleme
702 2031 846 2102 imperitan-

49 2110 100 2162 tem
119 2106 251 2177 nequibat.
289 2106 409 2161 Cetenam
427 2107 529 2178 objeota
546 2113 606 2162 sunt
624 2107 694 2177 qnod
714 2108 847 2180 conjugem
854 2106 891 2159 65

49 2184 171 2255 principis
189 2182 366 2238 devotionibus
381 2183 520 2254 petivisset,
534 2184 651 2254 quodque
670 2203 758 2254 parum
776 2188 848 2240 eoir-

50 2262 105 2316 oitis
124 2279 173 2332 per
191 2258 333 2314 Calabriam
351 2277 482 2314 servorum
501 2260 643 2331 agminibus
660 2279 748 2331 paoem
764 2261 848 2316 Italiae

49 2337 175 2393 turbaret.
213 2335 253 2390 Ob
277 2336 332 2390 haee
355 2354 422 2390 mors
446 2335 549 2401 indicta,
569 2337 679 2391 multum
699 2337 870 2393 adversante2

50 2415 182 2478 Narcisso,
196 2413 240 2482 qui
256 2411 424 2483 Agrippinam
442 2413 524 2484 magis
541 2413 672 2484 magisque
690 2418 847 2485 suspectans,

50 2490 206 2562 prompsisse
217 2490 287 2544 iuter
298 2489 427 2559 proximos
443 2488 572 2544 ferebatur
588 2494 683 2545 oertam
702 2489 750 2545 sibi
768 2491 850 2560 perui·

50 2568 121 2632 eiem,
133 2584 181 2621 seu
192 2565 357 2620 Britannicus
367 2583 451 2619 rerum
464 2583 510 2620 seu
521 2567 593 2620 Nero
605 2570 748 2637 poteretnr;
760 2583 850 2619 verum

50 2643 85 2698 ita
97 2643 130 2699 de
143 2661 172 2698 se
184 2642 306 2697 meritum
322 2643 453 2706 Oaesarem,
467 2644 497 2695 ut
512 2641 850 2728 owen·

51 2719 130 2782 deret.
169 2719 322 2775 Oonvietem
333 2717 499 2774 Messalinam
510 2721 537 2773 et
548 2718 654 2783 Silium
673 2733 746 2786 pares
758 2715 872 2770 iterumn
