<?xml version="1.0" encoding="UTF-8"?>
<!DOCTYPE html PUBLIC "-//W3C//DTD XHTML 1.0 Transitional//EN"
    "http://www.w3.org/TR/xhtml1/DTD/xhtml1-transitional.dtd">
<html xmlns="http://www.w3.org/1999/xhtml" xml:lang="en" lang="en">
 <head>
  <title>
</title>
<meta http-equiv="Content-Type" content="text/html;charset=utf-8" />
  <meta name='ocr-system' content='tesseract 3.04.00' />
  <meta name='ocr-capabilities' content='ocr_page ocr_carea ocr_par ocr_line ocrx_word'/>
</head>
<body>
  <div class='ocr_page' id='page_1' title='image "./opera04tacigoog_0087.png"; bbox 0 0 1866 2944; ppageno 0'>
   <div class='ocr_carea' id='block_1_1' title="bbox 113 98 905 240">
    <p class='ocr_par' dir='ltr' id='par_1_1' title="bbox 113 98 905 240">
     <span class='ocr_line' id='line_1_1' title="bbox 113 98 567 182; baseline -0.013 0"><span class='ocrx_word' id='word_1_1' title='bbox 113 130 142 182; x_wconf 85' lang='grc'><strong>11</strong></span> <span class='ocrx_word' id='word_1_2' title='bbox 323 169 325 176; x_wconf 82' lang='grc'>,</span> <span class='ocrx_word' id='word_1_3' title='bbox 447 98 567 178; x_wconf 76' lang='grc'><strong>110111</strong></span> 
     </span>
     <span class='ocr_line' id='line_1_2' title="bbox 713 189 905 240; baseline 0.005 -11"><span class='ocrx_word' id='word_1_4' title='bbox 713 189 905 240; x_wconf 60' lang='lat' dir='ltr'><strong>mmmmm</strong></span> 
     </span>
    </p>
   </div>
   <div class='ocr_carea' id='block_1_2' title="bbox 69 237 917 2738">
    <p class='ocr_par' dir='ltr' id='par_1_2' title="bbox 69 237 913 1831">
     <span class='ocr_line' id='line_1_3' title="bbox 112 237 907 310; baseline -0.001 -15"><span class='ocrx_word' id='word_1_5' title='bbox 112 255 164 305; x_wconf 81' lang='lat' dir='ltr'><strong>sus,</strong></span> <span class='ocrx_word' id='word_1_6' title='bbox 183 237 275 308; x_wconf 87' lang='lat' dir='ltr'><strong>linquit</strong></span> <span class='ocrx_word' id='word_1_7' title='bbox 296 238 474 294; x_wconf 85' lang='lat' dir='ltr'><strong>Germanicum</strong></span> <span class='ocrx_word' id='word_1_8' title='bbox 494 240 667 310; x_wconf 76' lang='lat' dir='ltr'><strong>praevenitque</strong></span> <span class='ocrx_word' id='word_1_9' title='bbox 677 251 686 303; x_wconf 68' lang='lat'><strong>;&#39;</strong></span> <span class='ocrx_word' id='word_1_10' title='bbox 709 244 743 304; x_wconf 88' lang='grc'><strong>11,</strong></span> <span class='ocrx_word' id='word_1_11' title='bbox 770 245 907 308; x_wconf 86' lang='lat' dir='ltr'><strong>postquam</strong></span> 
     </span>
     <span class='ocr_line' id='line_1_4' title="bbox 113 314 908 387; baseline 0.003 -19"><span class='ocrx_word' id='word_1_12' title='bbox 113 314 211 384; x_wconf 80' lang='lat' dir='ltr'>Syriam</span> <span class='ocrx_word' id='word_1_13' title='bbox 229 332 259 368; x_wconf 81' lang='lat' dir='ltr'><strong>ac</strong></span> <span class='ocrx_word' id='word_1_14' title='bbox 275 314 388 384; x_wconf 79' lang='lat' dir='ltr'><strong>legiones</strong></span> <span class='ocrx_word' id='word_1_15' title='bbox 405 315 501 387; x_wconf 82' lang='lat' dir='ltr'><strong>attigit,</strong></span> <span class='ocrx_word' id='word_1_16' title='bbox 520 316 662 386; x_wconf 75' lang='lat' dir='ltr'><strong>largitione,</strong></span> <span class='ocrx_word' id='word_1_17' title='bbox 681 314 788 378; x_wconf 88' lang='lat' dir='ltr'><strong>ambitu,</strong></span> <span class='ocrx_word' id='word_1_18' title='bbox 807 315 908 370; x_wconf 89' lang='lat' dir='ltr'><strong>infimos</strong></span> 
     </span>
     <span class='ocr_line' id='line_1_5' title="bbox 112 389 908 461; baseline 0.003 -17"><span class='ocrx_word' id='word_1_19' title='bbox 112 390 304 460; x_wconf 87' lang='lat' dir='ltr'><strong>manipularium</strong></span> <span class='ocrx_word' id='word_1_20' title='bbox 315 389 435 461; x_wconf 86' lang='lat' dir='ltr'><strong>juvando,</strong></span> <span class='ocrx_word' id='word_1_21' title='bbox 445 409 504 446; x_wconf 87' lang='lat' dir='ltr'><strong>cum</strong></span> <span class='ocrx_word' id='word_1_22' title='bbox 513 396 613 447; x_wconf 85' lang='lat' dir='ltr'><strong>veteres</strong></span> <span class='ocrx_word' id='word_1_23' title='bbox 625 391 795 455; x_wconf 85' lang='lat' dir='ltr'><strong>centuriones,</strong></span> <span class='ocrx_word' id='word_1_24' title='bbox 806 409 908 446; x_wconf 80' lang='lat' dir='ltr'><strong>severos</strong></span> 
     </span>
     <span class='ocr_line' id='line_1_6' title="bbox 111 465 910 538; baseline 0.003 -18"><span class='ocrx_word' id='word_1_25' title='bbox 111 465 228 521; x_wconf 87' lang='lat' dir='ltr'><strong>tribunos</strong></span> <span class='ocrx_word' id='word_1_26' title='bbox 246 467 391 522; x_wconf 78' lang='lat' dir='ltr'>demoveret</span> <span class='ocrx_word' id='word_1_27' title='bbox 408 467 513 538; x_wconf 86' lang='lat' dir='ltr'><strong>locaque</strong></span> <span class='ocrx_word' id='word_1_28' title='bbox 534 486 622 522; x_wconf 88' lang='lat' dir='ltr'><strong>eorum</strong></span> <span class='ocrx_word' id='word_1_29' title='bbox 640 467 776 522; x_wconf 75' lang='lat' dir='ltr'><strong>clientibus</strong></span> <span class='ocrx_word' id='word_1_30' title='bbox 795 468 852 521; x_wconf 88' lang='lat' dir='ltr'><strong>suis</strong></span> <span class='ocrx_word' id='word_1_31' title='bbox 869 467 910 522; x_wconf 86' lang='lat' dir='ltr'><strong>vel</strong></span> 
     </span>
     <span class='ocr_line' id='line_1_7' title="bbox 113 541 909 613; baseline 0.001 -16"><span class='ocrx_word' id='word_1_32' title='bbox 113 541 248 597; x_wconf 83' lang='lat' dir='ltr'><strong>deterrimo</strong></span> <span class='ocrx_word' id='word_1_33' title='bbox 260 543 352 613; x_wconf 86' lang='lat' dir='ltr'><strong>cuique</strong></span> <span class='ocrx_word' id='word_1_34' title='bbox 368 543 526 608; x_wconf 78' lang='lat' dir='ltr'><strong>attribueret,</strong></span> <span class='ocrx_word' id='word_1_35' title='bbox 540 543 661 598; x_wconf 76' lang='lat' dir='ltr'><strong>desidiam</strong></span> <span class='ocrx_word' id='word_1_36' title='bbox 677 543 705 596; x_wconf 92' lang='lat' dir='ltr'><strong>in</strong></span> <span class='ocrx_word' id='word_1_37' title='bbox 720 543 822 607; x_wconf 80' lang='lat' dir='ltr'><strong>castris,</strong></span> <span class='ocrx_word' id='word_1_38' title='bbox 835 543 909 598; x_wconf 85' lang='lat' dir='ltr'><strong>licen·</strong></span> 
     </span>
     <span class='ocr_line' id='line_1_8' title="bbox 113 617 910 688; baseline 0.004 -17"><span class='ocrx_word' id='word_1_39' title='bbox 113 617 175 672; x_wconf 89' lang='lat' dir='ltr'><strong>tiam</strong></span> <span class='ocrx_word' id='word_1_40' title='bbox 192 619 219 672; x_wconf 94' lang='lat' dir='ltr'><strong>in</strong></span> <span class='ocrx_word' id='word_1_41' title='bbox 234 618 348 686; x_wconf 86' lang='lat' dir='ltr'><strong>urbibus,</strong></span> <span class='ocrx_word' id='word_1_42' title='bbox 360 637 454 688; x_wconf 87' lang='lat' dir='ltr'><strong>vagum</strong></span> <span class='ocrx_word' id='word_1_43' title='bbox 469 637 499 674; x_wconf 87' lang='lat' dir='ltr'><strong>ac</strong></span> <span class='ocrx_word' id='word_1_44' title='bbox 510 619 682 674; x_wconf 82' lang='lat' dir='ltr'><strong>lascivientem</strong></span> <span class='ocrx_word' id='word_1_45' title='bbox 695 637 740 688; x_wconf 88' lang='lat' dir='ltr'><strong>per</strong></span> <span class='ocrx_word' id='word_1_46' title='bbox 752 637 831 688; x_wconf 87' lang='lat' dir='ltr'><strong>agros</strong></span> <span class='ocrx_word' id='word_1_47' title='bbox 847 620 910 674; x_wconf 91' lang='lat' dir='ltr'><strong>mili-</strong></span> 
     </span>
     <span class='ocr_line' id='line_1_9' title="bbox 113 695 910 765; baseline 0.004 -17"><span class='ocrx_word' id='word_1_48' title='bbox 113 696 166 753; x_wconf 85' lang='lat' dir='ltr'><strong>tem</strong></span> <span class='ocrx_word' id='word_1_49' title='bbox 178 695 280 758; x_wconf 90' lang='lat' dir='ltr'><strong>sineret,</strong></span> <span class='ocrx_word' id='word_1_50' title='bbox 291 712 321 748; x_wconf 93' lang='grc'><strong>10</strong></span> <span class='ocrx_word' id='word_1_51' title='bbox 333 713 414 764; x_wconf 85' lang='lat' dir='ltr'><strong>usque</strong></span> <span class='ocrx_word' id='word_1_52' title='bbox 426 695 595 765; x_wconf 88' lang='lat' dir='ltr'><strong>corruptionis</strong></span> <span class='ocrx_word' id='word_1_53' title='bbox 607 698 743 765; x_wconf 88' lang='lat' dir='ltr'><strong>provectus</strong></span> <span class='ocrx_word' id='word_1_54' title='bbox 755 698 805 758; x_wconf 90' lang='lat' dir='ltr'><strong>est,</strong></span> <span class='ocrx_word' id='word_1_55' title='bbox 817 700 848 750; x_wconf 86' lang='lat' dir='ltr'><strong>ut</strong></span> <span class='ocrx_word' id='word_1_56' title='bbox 861 713 910 750; x_wconf 87' lang='lat' dir='ltr'><strong>ser·</strong></span> 
     </span>
     <span class='ocr_line' id='line_1_10' title="bbox 91 769 910 841; baseline 0.005 -19"><span class='ocrx_word' id='word_1_57' title='bbox 91 776 187 824; x_wconf 80' lang='grc'><strong>11110111</strong></span> <span class='ocrx_word' id='word_1_58' title='bbox 200 769 271 840; x_wconf 77' lang='lat' dir='ltr'><strong>urlgi</strong></span> <span class='ocrx_word' id='word_1_59' title='bbox 282 787 373 840; x_wconf 88' lang='lat' dir='ltr'><strong>parens</strong></span> <span class='ocrx_word' id='word_1_60' title='bbox 388 770 518 841; x_wconf 90' lang='lat' dir='ltr'><strong>legionum</strong></span> <span class='ocrx_word' id='word_1_61' title='bbox 533 770 676 825; x_wconf 86' lang='lat' dir='ltr'><strong>baberetur.</strong></span> <span class='ocrx_word' id='word_1_62' title='bbox 713 770 771 824; x_wconf 88' lang='lat' dir='ltr'><strong>Nee</strong></span> <span class='ocrx_word' id='word_1_63' title='bbox 786 771 910 826; x_wconf 82' lang='lat' dir='ltr'><strong>Plancina</strong></span> 
     </span>
     <span class='ocr_line' id='line_1_11' title="bbox 114 844 909 916; baseline 0.004 -18"><span class='ocrx_word' id='word_1_64' title='bbox 114 863 142 898; x_wconf 90' lang='lat' dir='ltr'><strong>se</strong></span> <span class='ocrx_word' id='word_1_65' title='bbox 156 845 224 901; x_wconf 89' lang='lat' dir='ltr'><strong>intra</strong></span> <span class='ocrx_word' id='word_1_66' title='bbox 240 844 331 900; x_wconf 89' lang='lat' dir='ltr'><strong>decora</strong></span> <span class='ocrx_word' id='word_1_67' title='bbox 342 845 442 900; x_wconf 85' lang='lat' dir='ltr'><strong>feminis</strong></span> <span class='ocrx_word' id='word_1_68' title='bbox 454 845 565 911; x_wconf 88' lang='lat' dir='ltr'><strong>tenebat,</strong></span> <span class='ocrx_word' id='word_1_69' title='bbox 583 845 629 900; x_wconf 90' lang='lat' dir='ltr'><strong>sed</strong></span> <span class='ocrx_word' id='word_1_70' title='bbox 646 846 768 900; x_wconf 82' lang='lat' dir='ltr'><strong>exercitio</strong></span> <span class='ocrx_word' id='word_1_71' title='bbox 784 848 909 916; x_wconf 83' lang='lat' dir='ltr'><strong>equitum,</strong></span> 
     </span>
     <span class='ocr_line' id='line_1_12' title="bbox 115 919 910 992; baseline 0.003 -17"><span class='ocrx_word' id='word_1_72' title='bbox 115 919 263 976; x_wconf 83' lang='lat' dir='ltr'><strong>decursibus</strong></span> <span class='ocrx_word' id='word_1_73' title='bbox 275 921 417 975; x_wconf 82' lang='lat' dir='ltr'><strong>cohortium</strong></span> <span class='ocrx_word' id='word_1_74' title='bbox 429 921 563 985; x_wconf 86' lang='lat' dir='ltr'><strong>interesse,¹</strong></span> <span class='ocrx_word' id='word_1_75' title='bbox 573 921 601 974; x_wconf 91' lang='lat' dir='ltr'><strong>in</strong></span> <span class='ocrx_word' id='word_1_76' title='bbox 615 921 791 992; x_wconf 86' lang='lat' dir='ltr'><strong>Agrippinam,</strong></span> <span class='ocrx_word' id='word_1_77' title='bbox 805 923 836 976; x_wconf 91' lang='lat' dir='ltr'><strong>in</strong></span> <span class='ocrx_word' id='word_1_78' title='bbox 851 923 910 977; x_wconf 88' lang='lat' dir='ltr'><strong>Ger-</strong></span> 
     </span>
     <span class='ocr_line' id='line_1_13' title="bbox 114 997 910 1067; baseline 0.001 -15"><span class='ocrx_word' id='word_1_79' title='bbox 114 997 240 1052; x_wconf 87' lang='lat' dir='ltr'><strong>manicum</strong></span> <span class='ocrx_word' id='word_1_80' title='bbox 252 997 417 1054; x_wconf 86' lang='lat' dir='ltr'><strong>contumelias</strong></span> <span class='ocrx_word' id='word_1_81' title='bbox 426 997 517 1067; x_wconf 83' lang='lat' dir='ltr'><strong>jacere,</strong></span> <span class='ocrx_word' id='word_1_82' title='bbox 532 997 682 1067; x_wconf 88' lang='lat' dir='ltr'><strong>quibusdam</strong></span> <span class='ocrx_word' id='word_1_83' title='bbox 694 997 772 1051; x_wconf 87' lang='lat' dir='ltr'><strong>etiam</strong></span> <span class='ocrx_word' id='word_1_84' title='bbox 783 997 910 1052; x_wconf 86' lang='lat' dir='ltr'><strong>bonorum</strong></span> 
     </span>
     <span class='ocr_line' id='line_1_14' title="bbox 114 1072 911 1145; baseline 0.005 -19"><span class='ocrx_word' id='word_1_85' title='bbox 114 1073 224 1126; x_wconf 89' lang='lat' dir='ltr'><strong>militum</strong></span> <span class='ocrx_word' id='word_1_86' title='bbox 240 1073 272 1127; x_wconf 88' lang='lat' dir='ltr'><strong>ad</strong></span> <span class='ocrx_word' id='word_1_87' title='bbox 289 1073 355 1127; x_wconf 86' lang='grc'><strong>111111</strong></span> <span class='ocrx_word' id='word_1_88' title='bbox 370 1072 492 1142; x_wconf 87' lang='lat' dir='ltr'><strong>obsequia</strong></span> <span class='ocrx_word' id='word_1_89' title='bbox 506 1074 639 1145; x_wconf 87' lang='lat' dir='ltr'><strong>promptis,</strong></span> <span class='ocrx_word' id='word_1_90' title='bbox 657 1072 726 1142; x_wconf 89' lang='lat' dir='ltr'><strong>quod</strong></span> <span class='ocrx_word' id='word_1_91' title='bbox 742 1073 815 1128; x_wconf 88' lang='lat' dir='ltr'><strong>haud</strong></span> <span class='ocrx_word' id='word_1_92' title='bbox 832 1075 911 1130; x_wconf 83' lang='lat' dir='ltr'><strong>invito</strong></span> 
     </span>
     <span class='ocr_line' id='line_1_15' title="bbox 92 1148 910 1217; baseline 0.006 -16"><span class='ocrx_word' id='word_1_93' title='bbox 92 1148 266 1217; x_wconf 80' lang='lat' dir='ltr'><strong>bimperatore</strong></span> <span class='ocrx_word' id='word_1_94' title='bbox 275 1167 305 1203; x_wconf 90' lang='lat' dir='ltr'><strong>ea</strong></span> <span class='ocrx_word' id='word_1_95' title='bbox 316 1148 371 1202; x_wconf 87' lang='lat' dir='ltr'><strong>fieri</strong></span> <span class='ocrx_word' id='word_1_96' title='bbox 382 1149 498 1203; x_wconf 87' lang='lat' dir='ltr'><strong>occultus</strong></span> <span class='ocrx_word' id='word_1_97' title='bbox 509 1167 597 1204; x_wconf 86' lang='lat' dir='ltr'><strong>rumor</strong></span> <span class='ocrx_word' id='word_1_98' title='bbox 605 1148 745 1203; x_wconf 87' lang='lat' dir='ltr'><strong>incedebat.</strong></span> <span class='ocrx_word' id='word_1_99' title='bbox 767 1149 845 1204; x_wconf 89' lang='lat' dir='ltr'><strong>Nota</strong></span> <span class='ocrx_word' id='word_1_100' title='bbox 857 1151 910 1206; x_wconf 81' lang='grc'><strong>11111</strong></span> 
     </span>
     <span class='ocr_line' id='line_1_16' title="bbox 117 1224 912 1295; baseline 0.003 -17"><span class='ocrx_word' id='word_1_101' title='bbox 117 1225 280 1280; x_wconf 83' lang='lat' dir='ltr'><strong>Germanico:</strong></span> <span class='ocrx_word' id='word_1_102' title='bbox 299 1224 344 1279; x_wconf 86' lang='lat' dir='ltr'><strong>sed</strong></span> <span class='ocrx_word' id='word_1_103' title='bbox 362 1226 480 1295; x_wconf 85' lang='lat' dir='ltr'><strong>praeverti</strong></span> <span class='ocrx_word' id='word_1_104' title='bbox 496 1225 528 1280; x_wconf 87' lang='lat' dir='ltr'><strong>ad</strong></span> <span class='ocrx_word' id='word_1_105' title='bbox 540 1225 674 1280; x_wconf 82' lang='lat' dir='ltr'><strong>Armenios</strong></span> <span class='ocrx_word' id='word_1_106' title='bbox 691 1225 836 1280; x_wconf 85' lang='lat' dir='ltr'><strong>instantior</strong></span> <span class='ocrx_word' id='word_1_107' title='bbox 853 1242 912 1280; x_wconf 78' lang='lat' dir='ltr'><strong>curs</strong></span> 
     </span>
     <span class='ocr_line' id='line_1_17' title="bbox 69 1299 911 1373; baseline 0.004 -19"><span class='ocrx_word' id='word_1_108' title='bbox 69 1301 108 1356; x_wconf 89' lang='lat'><strong>56</strong></span> <span class='ocrx_word' id='word_1_109' title='bbox 118 1299 175 1354; x_wconf 86' lang='lat' dir='ltr'><strong>luit.</strong></span> <span class='ocrx_word' id='word_1_110' title='bbox 207 1300 333 1371; x_wconf 84' lang='lat' dir='ltr'><strong>Ambigua</strong></span> <span class='ocrx_word' id='word_1_111' title='bbox 345 1318 407 1371; x_wconf 89' lang='lat' dir='ltr'><strong>gens</strong></span> <span class='ocrx_word' id='word_1_112' title='bbox 420 1319 450 1354; x_wconf 91' lang='lat' dir='ltr'><strong>ea</strong></span> <span class='ocrx_word' id='word_1_113' title='bbox 461 1301 602 1371; x_wconf 88' lang='lat' dir='ltr'><strong>antiquitus</strong></span> <span class='ocrx_word' id='word_1_114' title='bbox 614 1301 746 1355; x_wconf 89' lang='lat' dir='ltr'><strong>hominum</strong></span> <span class='ocrx_word' id='word_1_115' title='bbox 762 1301 911 1373; x_wconf 80' lang='lat' dir='ltr'><strong>ingeniiact</strong></span> 
     </span>
     <span class='ocr_line' id='line_1_18' title="bbox 117 1376 911 1448; baseline 0.004 -18"><span class='ocrx_word' id='word_1_116' title='bbox 117 1376 170 1430; x_wconf 87' lang='lat' dir='ltr'><strong>situ</strong></span> <span class='ocrx_word' id='word_1_117' title='bbox 180 1379 314 1440; x_wconf 86' lang='lat' dir='ltr'><strong>terrarum,</strong></span> <span class='ocrx_word' id='word_1_118' title='bbox 324 1377 449 1447; x_wconf 88' lang='lat' dir='ltr'><strong>quoniam,</strong></span> <span class='ocrx_word' id='word_1_119' title='bbox 459 1378 554 1431; x_wconf 87' lang='lat' dir='ltr'><strong>nostris</strong></span> <span class='ocrx_word' id='word_1_120' title='bbox 566 1377 701 1448; x_wconf 86' lang='lat' dir='ltr'><strong>provinciis</strong></span> <span class='ocrx_word' id='word_1_121' title='bbox 713 1377 765 1432; x_wconf 83' lang='lat' dir='ltr'><strong>late</strong></span> <span class='ocrx_word' id='word_1_122' title='bbox 777 1383 911 1448; x_wconf 65' lang='lat' dir='ltr'><strong>pretenta,</strong></span> 
     </span>
     <span class='ocr_line' id='line_1_19' title="bbox 116 1452 913 1524; baseline 0.004 -18"><span class='ocrx_word' id='word_1_123' title='bbox 116 1452 218 1521; x_wconf 87' lang='lat' dir='ltr'><strong>penitus</strong></span> <span class='ocrx_word' id='word_1_124' title='bbox 234 1452 267 1506; x_wconf 91' lang='lat' dir='ltr'><strong>ad</strong></span> <span class='ocrx_word' id='word_1_125' title='bbox 280 1452 372 1506; x_wconf 89' lang='lat' dir='ltr'><strong>Medos</strong></span> <span class='ocrx_word' id='word_1_126' title='bbox 389 1453 543 1524; x_wconf 85' lang='lat' dir='ltr'><strong>porrigitur3</strong></span> <span class='ocrx_word' id='word_1_127' title='bbox 561 1453 727 1524; x_wconf 82' lang='lat' dir='ltr'><strong>maximisque</strong></span> <span class='ocrx_word' id='word_1_128' title='bbox 744 1452 862 1524; x_wconf 89' lang='lat' dir='ltr'><strong>imperiis</strong></span> <span class='ocrx_word' id='word_1_129' title='bbox 877 1455 913 1509; x_wconf 91' lang='lat' dir='ltr'><strong>in-</strong></span> 
     </span>
     <span class='ocr_line' id='line_1_20' title="bbox 116 1528 912 1599; baseline 0.003 -16"><span class='ocrx_word' id='word_1_130' title='bbox 116 1529 217 1598; x_wconf 73' lang='lat' dir='ltr'><strong>terjecti</strong></span> <span class='ocrx_word' id='word_1_131' title='bbox 237 1531 263 1583; x_wconf 93' lang='grc'><strong>11</strong></span> <span class='ocrx_word' id='word_1_132' title='bbox 284 1529 376 1599; x_wconf 77' lang='lat' dir='ltr'><strong>saepius</strong></span> <span class='ocrx_word' id='word_1_133' title='bbox 397 1528 524 1584; x_wconf 88' lang='lat' dir='ltr'><strong>discordes</strong></span> <span class='ocrx_word' id='word_1_134' title='bbox 548 1533 616 1594; x_wconf 87' lang='lat' dir='ltr'><strong>sunt,</strong></span> <span class='ocrx_word' id='word_1_135' title='bbox 638 1528 760 1584; x_wconf 87' lang='lat' dir='ltr'><strong>adversus</strong></span> <span class='ocrx_word' id='word_1_136' title='bbox 779 1530 912 1585; x_wconf 78' lang='lat' dir='ltr'><strong>Romanoe</strong></span> 
     </span>
     <span class='ocr_line' id='line_1_21' title="bbox 93 1603 913 1678; baseline 0.004 -20"><span class='ocrx_word' id='word_1_137' title='bbox 93 1603 175 1658; x_wconf 81' lang='lat' dir='ltr'><strong>2odio</strong></span> <span class='ocrx_word' id='word_1_138' title='bbox 196 1608 222 1659; x_wconf 91' lang='grc'><strong>11</strong></span> <span class='ocrx_word' id='word_1_139' title='bbox 242 1605 270 1659; x_wconf 93' lang='lat' dir='ltr'><strong>in</strong></span> <span class='ocrx_word' id='word_1_140' title='bbox 290 1605 536 1660; x_wconf 86' lang='lat' dir='ltr'><strong>Parthuminvidia.</strong></span> <span class='ocrx_word' id='word_1_141' title='bbox 572 1606 672 1677; x_wconf 85' lang='lat' dir='ltr'><strong>Regem</strong></span> <span class='ocrx_word' id='word_1_142' title='bbox 694 1605 738 1660; x_wconf 90' lang='lat' dir='ltr'><strong>illa</strong></span> <span class='ocrx_word' id='word_1_143' title='bbox 757 1609 913 1678; x_wconf 78' lang='lat' dir='ltr'><strong>tempestate</strong></span> 
     </span>
     <span class='ocr_line' id='line_1_22' title="bbox 117 1681 913 1749; baseline 0.005 -15"><span class='ocrx_word' id='word_1_144' title='bbox 117 1699 169 1736; x_wconf 91' lang='lat' dir='ltr'><strong>non</strong></span> <span class='ocrx_word' id='word_1_145' title='bbox 179 1681 313 1749; x_wconf 87' lang='lat' dir='ltr'><strong>habebant,</strong></span> <span class='ocrx_word' id='word_1_146' title='bbox 325 1685 410 1736; x_wconf 91' lang='lat' dir='ltr'><strong>amoto</strong></span> <span class='ocrx_word' id='word_1_147' title='bbox 426 1683 546 1737; x_wconf 87' lang='lat' dir='ltr'><strong>Vonone:</strong></span> <span class='ocrx_word' id='word_1_148' title='bbox 566 1682 611 1738; x_wconf 86' lang='lat' dir='ltr'><strong>sed</strong></span> <span class='ocrx_word' id='word_1_149' title='bbox 627 1683 699 1738; x_wconf 87' lang='lat' dir='ltr'><strong>favor</strong></span> <span class='ocrx_word' id='word_1_150' title='bbox 714 1683 831 1738; x_wconf 89' lang='lat' dir='ltr'><strong>nationis</strong></span> <span class='ocrx_word' id='word_1_151' title='bbox 847 1683 913 1738; x_wconf 91' lang='lat' dir='ltr'><strong>incli·</strong></span> 
     </span>
     <span class='ocr_line' id='line_1_23' title="bbox 116 1757 913 1831; baseline 0.005 -21"><span class='ocrx_word' id='word_1_152' title='bbox 116 1757 193 1811; x_wconf 86' lang='lat' dir='ltr'><strong>nabat</strong></span> <span class='ocrx_word' id='word_1_153' title='bbox 205 1757 233 1812; x_wconf 89' lang='grc'><strong>111</strong></span> <span class='ocrx_word' id='word_1_154' title='bbox 244 1758 379 1823; x_wconf 84' lang='lat' dir='ltr'><strong>Zenonem,</strong></span> <span class='ocrx_word' id='word_1_155' title='bbox 392 1759 538 1814; x_wconf 88' lang='lat' dir='ltr'><strong>Polemonis</strong></span> <span class='ocrx_word' id='word_1_156' title='bbox 549 1759 617 1830; x_wconf 87' lang='lat' dir='ltr'><strong>regis</strong></span> <span class='ocrx_word' id='word_1_157' title='bbox 628 1759 731 1814; x_wconf 90' lang='lat' dir='ltr'><strong>Pontici</strong></span> <span class='ocrx_word' id='word_1_158' title='bbox 742 1759 835 1825; x_wconf 88' lang='lat' dir='ltr'><strong>filium,</strong></span> <span class='ocrx_word' id='word_1_159' title='bbox 848 1757 913 1831; x_wconf 81' lang='lat' dir='ltr'><strong>quod</strong></span> 
     </span>
    </p>

    <p class='ocr_par' dir='ltr' id='par_1_3' title="bbox 117 1832 913 1903">
     <span class='ocr_line' id='line_1_24' title="bbox 117 1832 913 1903; baseline 0.006 -17"><span class='ocrx_word' id='word_1_160' title='bbox 117 1832 139 1886; x_wconf 88' lang='lat' dir='ltr'><strong>is</strong></span> <span class='ocrx_word' id='word_1_161' title='bbox 157 1834 237 1903; x_wconf 89' lang='lat' dir='ltr'><strong>prima</strong></span> <span class='ocrx_word' id='word_1_162' title='bbox 255 1834 286 1889; x_wconf 90' lang='lat' dir='ltr'><strong>ab</strong></span> <span class='ocrx_word' id='word_1_163' title='bbox 307 1835 415 1890; x_wconf 82' lang='lat' dir='ltr'><strong>infantia</strong></span> <span class='ocrx_word' id='word_1_164' title='bbox 432 1835 552 1890; x_wconf 88' lang='lat' dir='ltr'><strong>instituta</strong></span> <span class='ocrx_word' id='word_1_165' title='bbox 570 1840 596 1891; x_wconf 90' lang='grc'><strong>11</strong></span> <span class='ocrx_word' id='word_1_166' title='bbox 615 1835 714 1891; x_wconf 81' lang='lat' dir='ltr'><strong>cultum</strong></span> <span class='ocrx_word' id='word_1_167' title='bbox 731 1837 913 1892; x_wconf 79' lang='lat' dir='ltr'><strong>Armeniorum</strong></span> 
     </span>
    </p>

    <p class='ocr_par' dir='ltr' id='par_1_4' title="bbox 95 1909 915 2664">
     <span class='ocr_line' id='line_1_25' title="bbox 95 1909 912 1983; baseline 0.001 -17"><span class='ocrx_word' id='word_1_168' title='bbox 95 1961 98 1966; x_wconf 88' lang='lat'><em>.</em></span> <span class='ocrx_word' id='word_1_169' title='bbox 118 1909 256 1974; x_wconf 73' lang='lat' dir='ltr'><strong>emulatus,</strong></span> <span class='ocrx_word' id='word_1_170' title='bbox 272 1913 367 1965; x_wconf 88' lang='lat' dir='ltr'><strong>venatu</strong></span> <span class='ocrx_word' id='word_1_171' title='bbox 382 1911 463 1981; x_wconf 86' lang='lat' dir='ltr'><strong>epulis</strong></span> <span class='ocrx_word' id='word_1_172' title='bbox 480 1915 506 1966; x_wconf 90' lang='lat' dir='ltr'><strong>et</strong></span> <span class='ocrx_word' id='word_1_173' title='bbox 519 1930 576 1983; x_wconf 79' lang='lat' dir='ltr'><strong>que</strong></span> <span class='ocrx_word' id='word_1_174' title='bbox 592 1911 642 1966; x_wconf 89' lang='lat' dir='ltr'><strong>alia</strong></span> <span class='ocrx_word' id='word_1_175' title='bbox 656 1911 758 1966; x_wconf 84' lang='lat' dir='ltr'><strong>barbari</strong></span> <span class='ocrx_word' id='word_1_176' title='bbox 773 1913 912 1976; x_wconf 78' lang='lat' dir='ltr'><strong>celebrant,</strong></span> 
     </span>
     <span class='ocr_line' id='line_1_26' title="bbox 95 1986 913 2059; baseline 0 -15"><span class='ocrx_word' id='word_1_177' title='bbox 95 1999 109 2044; x_wconf 78' lang='lat'><em>8</em></span> <span class='ocrx_word' id='word_1_178' title='bbox 119 2001 234 2052; x_wconf 81' lang='lat' dir='ltr'><strong>proceres</strong></span> <span class='ocrx_word' id='word_1_179' title='bbox 244 1986 393 2057; x_wconf 86' lang='lat' dir='ltr'><strong>plebemque</strong></span> <span class='ocrx_word' id='word_1_180' title='bbox 403 1987 479 2058; x_wconf 78' lang='lat' dir='ltr'><strong>juxta</strong></span> <span class='ocrx_word' id='word_1_181' title='bbox 490 1988 647 2043; x_wconf 83' lang='lat' dir='ltr'><strong>devinxerat.</strong></span> <span class='ocrx_word' id='word_1_182' title='bbox 684 1987 770 2059; x_wconf 89' lang='lat' dir='ltr'><strong>Igitur</strong></span> <span class='ocrx_word' id='word_1_183' title='bbox 784 1989 913 2044; x_wconf 81' lang='lat' dir='ltr'><strong>Germani·</strong></span> 
     </span>
     <span class='ocr_line' id='line_1_27' title="bbox 118 2062 913 2134; baseline 0.009 -20"><span class='ocrx_word' id='word_1_184' title='bbox 118 2077 163 2114; x_wconf 86' lang='lat' dir='ltr'><strong>cus</strong></span> <span class='ocrx_word' id='word_1_185' title='bbox 180 2062 207 2115; x_wconf 89' lang='lat' dir='ltr'><strong>in</strong></span> <span class='ocrx_word' id='word_1_186' title='bbox 220 2062 283 2117; x_wconf 88' lang='lat' dir='ltr'><strong>urbe</strong></span> <span class='ocrx_word' id='word_1_187' title='bbox 299 2063 431 2130; x_wconf 80' lang='lat' dir='ltr'><strong>Artaxata,</strong></span> <span class='ocrx_word' id='word_1_188' title='bbox 445 2064 642 2134; x_wconf 87' lang='lat' dir='ltr'><strong>approbantibus</strong></span> <span class='ocrx_word' id='word_1_189' title='bbox 658 2063 795 2129; x_wconf 84' lang='lat' dir='ltr'><strong>nobilibus,</strong></span> <span class='ocrx_word' id='word_1_190' title='bbox 811 2065 913 2121; x_wconf 76' lang='grc'><strong>11111111·</strong></span> 
     </span>
     <span class='ocr_line' id='line_1_28' title="bbox 118 2135 913 2212; baseline 0.009 -22"><span class='ocrx_word' id='word_1_191' title='bbox 118 2135 176 2191; x_wconf 83' lang='lat' dir='ltr'><strong>fusa</strong></span> <span class='ocrx_word' id='word_1_192' title='bbox 192 2138 362 2204; x_wconf 85' lang='lat' dir='ltr'><strong>multitudine,</strong></span> <span class='ocrx_word' id='word_1_193' title='bbox 378 2139 478 2212; x_wconf 88' lang='lat' dir='ltr'><strong>insigne</strong></span> <span class='ocrx_word' id='word_1_194' title='bbox 495 2142 594 2212; x_wconf 90' lang='lat' dir='ltr'><strong>regium</strong></span> <span class='ocrx_word' id='word_1_195' title='bbox 611 2141 688 2211; x_wconf 86' lang='lat' dir='ltr'><strong>capiti</strong></span> <span class='ocrx_word' id='word_1_196' title='bbox 706 2141 762 2212; x_wconf 83' lang='lat' dir='ltr'><strong>ejus</strong></span> <span class='ocrx_word' id='word_1_197' title='bbox 781 2141 913 2212; x_wconf 85' lang='lat' dir='ltr'><strong>imposuit.</strong></span> 
     </span>
     <span class='ocr_line' id='line_1_29' title="bbox 120 2212 915 2290; baseline 0.008 -24"><span class='ocrx_word' id='word_1_198' title='bbox 120 2212 206 2268; x_wconf 81' lang='lat' dir='ltr'><strong>Ceteri</strong></span> <span class='ocrx_word' id='word_1_199' title='bbox 221 2219 369 2270; x_wconf 89' lang='lat' dir='ltr'><strong>venerantes</strong></span> <span class='ocrx_word' id='word_1_200' title='bbox 384 2234 472 2286; x_wconf 91' lang='lat' dir='ltr'><strong>regem</strong></span> <span class='ocrx_word' id='word_1_201' title='bbox 482 2219 617 2272; x_wconf 65' lang='lat' dir='ltr'><strong>Artaxiam</strong></span> <span class='ocrx_word' id='word_1_202' title='bbox 633 2217 836 2283; x_wconf 78' lang='lat' dir='ltr'><strong>eonsdutavere,</strong></span> <span class='ocrx_word' id='word_1_203' title='bbox 851 2215 915 2290; x_wconf 79' lang='lat' dir='ltr'><strong>quoi</strong></span> 
     </span>
     <span class='ocr_line' id='line_1_30' title="bbox 95 2289 913 2364; baseline 0.006 -20"><span class='ocrx_word' id='word_1_204' title='bbox 95 2289 156 2344; x_wconf 77' lang='lat' dir='ltr'><strong>silli</strong></span> <span class='ocrx_word' id='word_1_205' title='bbox 163 2289 312 2345; x_wconf 88' lang='lat' dir='ltr'><strong>vocabulum</strong></span> <span class='ocrx_word' id='word_1_206' title='bbox 323 2291 467 2347; x_wconf 84' lang='lat' dir='ltr'><strong>indiderant</strong></span> <span class='ocrx_word' id='word_1_207' title='bbox 475 2311 508 2348; x_wconf 85' lang='lat' dir='ltr'><strong>ex</strong></span> <span class='ocrx_word' id='word_1_208' title='bbox 516 2293 617 2348; x_wconf 91' lang='lat' dir='ltr'><strong>nomine</strong></span> <span class='ocrx_word' id='word_1_209' title='bbox 628 2293 708 2348; x_wconf 87' lang='lat' dir='ltr'><strong>urbis.</strong></span> <span class='ocrx_word' id='word_1_210' title='bbox 735 2294 772 2346; x_wconf 86' lang='lat' dir='ltr'><strong>At</strong></span> <span class='ocrx_word' id='word_1_211' title='bbox 784 2293 913 2364; x_wconf 84' lang='lat' dir='ltr'><strong>Cappado·</strong></span> 
     </span>
     <span class='ocr_line' id='line_1_31' title="bbox 120 2365 915 2442; baseline 0.011 -26"><span class='ocrx_word' id='word_1_212' title='bbox 120 2381 162 2417; x_wconf 86' lang='lat' dir='ltr'><strong>ces</strong></span> <span class='ocrx_word' id='word_1_213' title='bbox 174 2365 202 2417; x_wconf 90' lang='lat' dir='ltr'><strong>in</strong></span> <span class='ocrx_word' id='word_1_214' title='bbox 212 2365 318 2420; x_wconf 78' lang='lat' dir='ltr'><strong>formam</strong></span> <span class='ocrx_word' id='word_1_215' title='bbox 330 2368 465 2438; x_wconf 78' lang='lat' dir='ltr'><strong>provincia</strong></span> <span class='ocrx_word' id='word_1_216' title='bbox 476 2369 581 2424; x_wconf 87' lang='lat' dir='ltr'><strong>redacti.</strong></span> <span class='ocrx_word' id='word_1_217' title='bbox 606 2370 639 2428; x_wconf 79' lang='lat' dir='ltr'><strong>Q.</strong></span> <span class='ocrx_word' id='word_1_218' title='bbox 648 2368 791 2424; x_wconf 87' lang='lat' dir='ltr'><strong>Veranium</strong></span> <span class='ocrx_word' id='word_1_219' title='bbox 804 2371 915 2442; x_wconf 80' lang='lat' dir='ltr'><strong>legstu</strong></span> 
     </span>
     <span class='ocr_line' id='line_1_32' title="bbox 122 2436 915 2510; baseline 0.013 -26"><span class='ocrx_word' id='word_1_220' title='bbox 122 2449 258 2500; x_wconf 73' lang='lat' dir='ltr'><strong>accepere,</strong></span> <span class='ocrx_word' id='word_1_221' title='bbox 276 2439 303 2488; x_wconf 90' lang='grc'><strong>11</strong></span> <span class='ocrx_word' id='word_1_222' title='bbox 314 2436 429 2505; x_wconf 87' lang='lat' dir='ltr'><strong>quaedam</strong></span> <span class='ocrx_word' id='word_1_223' title='bbox 445 2456 480 2492; x_wconf 89' lang='lat' dir='ltr'><strong>ex</strong></span> <span class='ocrx_word' id='word_1_224' title='bbox 495 2439 572 2509; x_wconf 86' lang='lat' dir='ltr'><strong>regiis</strong></span> <span class='ocrx_word' id='word_1_225' title='bbox 588 2438 693 2493; x_wconf 89' lang='lat' dir='ltr'><strong>tributis</strong></span> <span class='ocrx_word' id='word_1_226' title='bbox 710 2437 857 2505; x_wconf 84' lang='lat' dir='ltr'><strong>deminuta,</strong></span> <span class='ocrx_word' id='word_1_227' title='bbox 870 2455 915 2510; x_wconf 73' lang='lat' dir='ltr'><strong>qu</strong></span> 
     </span>
     <span class='ocr_line' id='line_1_33' title="bbox 98 2506 915 2587; baseline 0.015 -29"><span class='ocrx_word' id='word_1_228' title='bbox 98 2506 209 2562; x_wconf 79' lang='lat' dir='ltr'><strong>smitius</strong></span> <span class='ocrx_word' id='word_1_229' title='bbox 219 2507 362 2564; x_wconf 82' lang='lat' dir='ltr'><strong>Romanum</strong></span> <span class='ocrx_word' id='word_1_230' title='bbox 372 2513 506 2583; x_wconf 86' lang='lat' dir='ltr'><strong>imperium</strong></span> <span class='ocrx_word' id='word_1_231' title='bbox 515 2517 668 2584; x_wconf 85' lang='lat' dir='ltr'><strong>speraretur.</strong></span> <span class='ocrx_word' id='word_1_232' title='bbox 691 2509 915 2587; x_wconf 52' lang='lat' dir='ltr'><strong>Commagenis&amp;</strong></span> 
     </span>
     <span class='ocr_line' id='line_1_34' title="bbox 125 2579 915 2664; baseline 0.02 -33"><span class='ocrx_word' id='word_1_233' title='bbox 125 2579 238 2664; x_wconf 78' lang='lat' dir='ltr'><strong>Servaeus</strong></span> <span class='ocrx_word' id='word_1_234' title='bbox 250 2585 414 2650; x_wconf 88' lang='lat' dir='ltr'><strong>praeponitur,</strong></span> <span class='ocrx_word' id='word_1_235' title='bbox 421 2590 477 2642; x_wconf 88' lang='lat' dir='ltr'><strong>tum</strong></span> <span class='ocrx_word' id='word_1_236' title='bbox 489 2589 600 2659; x_wconf 88' lang='lat' dir='ltr'><strong>primum</strong></span> <span class='ocrx_word' id='word_1_237' title='bbox 612 2589 696 2661; x_wconf 86' lang='lat' dir='ltr'><strong>adjus</strong></span> <span class='ocrx_word' id='word_1_238' title='bbox 708 2593 830 2661; x_wconf 78' lang='lat' dir='ltr'><strong>praetoris</strong></span> <span class='ocrx_word' id='word_1_239' title='bbox 839 2597 915 2647; x_wconf 80' lang='lat' dir='ltr'><strong>trans·</strong></span> 
     </span>
    </p>

    <p class='ocr_par' dir='ltr' id='par_1_5' title="bbox 77 2652 917 2738">
     <span class='ocr_line' id='line_1_35' title="bbox 77 2652 917 2738; baseline 0.023 -35"><span class='ocrx_word' id='word_1_240' title='bbox 77 2652 113 2706; x_wconf 81' lang='lat'><strong>57</strong></span> <span class='ocrx_word' id='word_1_241' title='bbox 124 2652 190 2706; x_wconf 79' lang='lat' dir='ltr'><strong>latis.</strong></span> <span class='ocrx_word' id='word_1_242' title='bbox 230 2654 377 2728; x_wconf 82' lang='lat' dir='ltr'><strong>Cunctaque</strong></span> <span class='ocrx_word' id='word_1_243' title='bbox 389 2663 491 2718; x_wconf 84' lang='lat' dir='ltr'><strong>socialia</strong></span> <span class='ocrx_word' id='word_1_244' title='bbox 506 2683 626 2736; x_wconf 89' lang='lat' dir='ltr'><strong>prospere</strong></span> <span class='ocrx_word' id='word_1_245' title='bbox 642 2667 786 2738; x_wconf 83' lang='lat' dir='ltr'><strong>composita</strong></span> <span class='ocrx_word' id='word_1_246' title='bbox 798 2686 854 2723; x_wconf 89' lang='lat' dir='ltr'><strong>nou</strong></span> <span class='ocrx_word' id='word_1_247' title='bbox 866 2667 917 2724; x_wconf 85' lang='lat' dir='ltr'><strong>idas</strong></span> 
     </span>
    </p>
   </div>
   <div class='ocr_carea' id='block_1_3' title="bbox 0 0 946 2944">
    <p class='ocr_par' dir='ltr' id='par_1_6' title="bbox 0 0 946 2944">
     <span class='ocr_line' id='line_1_36' title="bbox 0 0 946 2944; baseline 0 0"><span class='ocrx_word' id='word_1_248' title='bbox 0 0 946 2944; x_wconf 95' lang='lat' dir='ltr'><strong> </strong></span> 
     </span>
    </p>
   </div>
  </div>
 </body>
</html>
