<?xml version="1.0" encoding="UTF-8"?>
<!DOCTYPE html PUBLIC "-//W3C//DTD XHTML 1.0 Transitional//EN"
    "http://www.w3.org/TR/xhtml1/DTD/xhtml1-transitional.dtd">
<html xmlns="http://www.w3.org/1999/xhtml" xml:lang="en" lang="en">
 <head>
  <title>
</title>
<meta http-equiv="Content-Type" content="text/html;charset=utf-8" />
  <meta name='ocr-system' content='tesseract 3.04.00' />
  <meta name='ocr-capabilities' content='ocr_page ocr_carea ocr_par ocr_line ocrx_word'/>
</head>
<body>
  <div class='ocr_page' id='page_1' title='image "./opera04tacigoog_0198.png"; bbox 0 0 2026 2992; ppageno 0'>
   <div class='ocr_carea' id='block_1_1' title="bbox 36 88 867 210">
    <p class='ocr_par' dir='ltr' id='par_1_1' title="bbox 36 88 867 210">
     <span class='ocr_line' id='line_1_1' title="bbox 36 88 867 210; baseline 0.004 -63"><span class='ocrx_word' id='word_1_1' title='bbox 36 163 91 202; x_wconf 73' lang='lat' dir='ltr'><strong>in</strong></span> <span class='ocrx_word' id='word_1_2' title='bbox 107 162 152 210; x_wconf 61' lang='lat' dir='ltr'>m</span> <span class='ocrx_word' id='word_1_3' title='bbox 260 100 457 150; x_wconf 80' lang='lat' dir='ltr'><strong>suusnron</strong></span> <span class='ocrx_word' id='word_1_4' title='bbox 473 99 519 150; x_wconf 87' lang='lat' dir='ltr'><strong>vr.</strong></span> <span class='ocrx_word' id='word_1_5' title='bbox 538 103 625 150; x_wconf 85' lang='lat' dir='ltr'><strong>s-u.</strong></span> <span class='ocrx_word' id='word_1_6' title='bbox 788 105 833 150; x_wconf 79' lang='lat' dir='ltr'><strong>rec</strong></span> <span class='ocrx_word' id='word_1_7' title='bbox 863 88 867 100; x_wconf 89' lang='lat'>&#39;</span> 
     </span>
    </p>
   </div>
   <div class='ocr_carea' id='block_1_2' title="bbox 23 211 882 2738">
    <p class='ocr_par' dir='ltr' id='par_1_2' title="bbox 32 211 882 1034">
     <span class='ocr_line' id='line_1_2' title="bbox 36 211 882 284; baseline 0.004 -18"><span class='ocrx_word' id='word_1_8' title='bbox 36 231 90 266; x_wconf 90' lang='lat' dir='ltr'><strong>rum</strong></span> <span class='ocrx_word' id='word_1_9' title='bbox 115 211 240 266; x_wconf 90' lang='lat' dir='ltr'><strong>tristibus</strong></span> <span class='ocrx_word' id='word_1_10' title='bbox 263 213 339 267; x_wconf 90' lang='lat' dir='ltr'><strong>notis.</strong></span> <span class='ocrx_word' id='word_1_11' title='bbox 388 212 430 268; x_wconf 88' lang='lat' dir='ltr'><strong>Nc</strong></span> <span class='ocrx_word' id='word_1_12' title='bbox 458 212 559 270; x_wconf 77' lang='lat' dir='ltr'><strong>femine</strong></span> <span class='ocrx_word' id='word_1_13' title='bbox 588 211 690 284; x_wconf 88' lang='lat' dir='ltr'><strong>quidem</strong></span> <span class='ocrx_word' id='word_1_14' title='bbox 719 217 834 269; x_wconf 83' lang='lat' dir='ltr'><strong>exsortes</strong></span> <span class='ocrx_word' id='word_1_15' title='bbox 845 211 882 263; x_wconf 87' lang='lat'><strong>10</strong></span> 
     </span>
     <span class='ocr_line' id='line_1_3' title="bbox 37 287 835 361; baseline 0.001 -17"><span class='ocrx_word' id='word_1_16' title='bbox 37 289 149 359; x_wconf 88' lang='lat' dir='ltr'><strong>periculi.</strong></span> <span class='ocrx_word' id='word_1_17' title='bbox 189 289 251 348; x_wconf 78' lang='lat' dir='ltr'><strong>Qus</strong></span> <span class='ocrx_word' id='word_1_18' title='bbox 266 287 419 359; x_wconf 78' lang='lat' dir='ltr'><strong>occupendoe</strong></span> <span class='ocrx_word' id='word_1_19' title='bbox 432 289 469 344; x_wconf 86' lang='lat' dir='ltr'><strong>rei</strong></span> <span class='ocrx_word' id='word_1_20' title='bbox 485 288 592 360; x_wconf 74' lang='lat' dir='ltr'><strong>publice</strong></span> <span class='ocrx_word' id='word_1_21' title='bbox 608 290 681 361; x_wconf 84' lang='lat' dir='ltr'><strong>ergui</strong></span> <span class='ocrx_word' id='word_1_22' title='bbox 695 307 747 344; x_wconf 88' lang='lat' dir='ltr'><strong>non</strong></span> <span class='ocrx_word' id='word_1_23' title='bbox 763 295 835 361; x_wconf 88' lang='lat' dir='ltr'><strong>potc-</strong></span> 
     </span>
     <span class='ocr_line' id='line_1_4' title="bbox 37 364 833 436; baseline 0.003 -17"><span class='ocrx_word' id='word_1_24' title='bbox 37 371 99 430; x_wconf 85' lang='lat' dir='ltr'><strong>rent,</strong></span> <span class='ocrx_word' id='word_1_25' title='bbox 122 365 158 420; x_wconf 91' lang='lat' dir='ltr'><strong>ob</strong></span> <span class='ocrx_word' id='word_1_26' title='bbox 183 365 301 420; x_wconf 80' lang='lat' dir='ltr'><strong>lacrimas</strong></span> <span class='ocrx_word' id='word_1_27' title='bbox 325 364 525 430; x_wconf 69' lang='lat' dir='ltr'><strong>incusabantur,</strong></span> <span class='ocrx_word' id='word_1_28' title='bbox 543 369 682 436; x_wconf 70' lang='lat' dir='ltr'><strong>necataque</strong></span> <span class='ocrx_word' id='word_1_29' title='bbox 706 371 746 421; x_wconf 91' lang='lat' dir='ltr'><strong>est</strong></span> <span class='ocrx_word' id='word_1_30' title='bbox 770 385 833 422; x_wconf 83' lang='lat' dir='ltr'><strong>nnus</strong></span> 
     </span>
     <span class='ocr_line' id='line_1_5' title="bbox 37 441 832 512; baseline 0.001 -16"><span class='ocrx_word' id='word_1_31' title='bbox 37 442 111 508; x_wconf 80' lang='lat' dir='ltr'><strong>Vitia,</strong></span> <span class='ocrx_word' id='word_1_32' title='bbox 130 442 202 496; x_wconf 82' lang='lat' dir='ltr'><strong>Fulii</strong></span> <span class='ocrx_word' id='word_1_33' title='bbox 222 441 324 496; x_wconf 84' lang='lat' dir='ltr'><strong>Gemini</strong></span> <span class='ocrx_word' id='word_1_34' title='bbox 340 447 429 506; x_wconf 86' lang='lat' dir='ltr'><strong>meter,</strong></span> <span class='ocrx_word' id='word_1_35' title='bbox 448 441 517 512; x_wconf 89' lang='lat' dir='ltr'><strong>quod</strong></span> <span class='ocrx_word' id='word_1_36' title='bbox 540 442 584 496; x_wconf 86' lang='lat' dir='ltr'><strong>lilii</strong></span> <span class='ocrx_word' id='word_1_37' title='bbox 608 461 695 497; x_wconf 80' lang='lat' dir='ltr'><strong>necem</strong></span> <span class='ocrx_word' id='word_1_38' title='bbox 712 443 832 499; x_wconf 83' lang='lat' dir='ltr'><strong>flevisset.</strong></span> 
     </span>
     <span class='ocr_line' id='line_1_6' title="bbox 34 518 857 590; baseline 0.004 -18"><span class='ocrx_word' id='word_1_39' title='bbox 34 519 98 573; x_wconf 78' lang='lat' dir='ltr'><strong>Haec</strong></span> <span class='ocrx_word' id='word_1_40' title='bbox 110 519 182 590; x_wconf 83' lang='lat' dir='ltr'><strong>epnd</strong></span> <span class='ocrx_word' id='word_1_41' title='bbox 194 523 321 574; x_wconf 79' lang='lat' dir='ltr'><strong>senatum.</strong></span> <span class='ocrx_word' id='word_1_42' title='bbox 357 518 414 573; x_wconf 88' lang='lat' dir='ltr'><strong>Nec</strong></span> <span class='ocrx_word' id='word_1_43' title='bbox 426 536 499 574; x_wconf 86' lang='lat' dir='ltr'><strong>secus</strong></span> <span class='ocrx_word' id='word_1_44' title='bbox 511 519 578 590; x_wconf 83' lang='lat' dir='ltr'><strong>apud</strong></span> <span class='ocrx_word' id='word_1_45' title='bbox 589 520 728 590; x_wconf 89' lang='lat' dir='ltr'><strong>principem</strong></span> <span class='ocrx_word' id='word_1_46' title='bbox 737 520 857 575; x_wconf 71' lang='lat' dir='ltr'><strong>veson-2</strong></span> 
     </span>
     <span class='ocr_line' id='line_1_7' title="bbox 32 595 832 667; baseline 0.003 -17"><span class='ocrx_word' id='word_1_47' title='bbox 32 595 109 650; x_wconf 84' lang='lat' dir='ltr'><strong>lurius</strong></span> <span class='ocrx_word' id='word_1_48' title='bbox 125 596 232 651; x_wconf 85' lang='lat' dir='ltr'><strong>Atticus</strong></span> <span class='ocrx_word' id='word_1_49' title='bbox 245 613 275 650; x_wconf 84' lang='lat' dir='ltr'><strong>ec</strong></span> <span class='ocrx_word' id='word_1_50' title='bbox 286 595 372 650; x_wconf 79' lang='lat' dir='ltr'>Julius</span> <span class='ocrx_word' id='word_1_51' title='bbox 384 595 501 650; x_wconf 75' lang='lat' dir='ltr'>Marinus</span> <span class='ocrx_word' id='word_1_52' title='bbox 513 595 546 650; x_wconf 82' lang='lat' dir='ltr'><strong>ed</strong></span> <span class='ocrx_word' id='word_1_53' title='bbox 561 601 670 650; x_wconf 89' lang='lat' dir='ltr'><strong>mortem</strong></span> <span class='ocrx_word' id='word_1_54' title='bbox 682 601 800 667; x_wconf 75' lang='lat' dir='ltr'><strong>sgrmtur,</strong></span> <span class='ocrx_word' id='word_1_55' title='bbox 818 616 832 652; x_wconf 90' lang='lat' dir='ltr'><strong>e</strong></span> 
     </span>
     <span class='ocr_line' id='line_1_8' title="bbox 32 671 833 744; baseline 0.001 -17"><span class='ocrx_word' id='word_1_56' title='bbox 32 673 218 727; x_wconf 86' lang='lat' dir='ltr'><strong>vetustissimis</strong></span> <span class='ocrx_word' id='word_1_57' title='bbox 235 671 404 736; x_wconf 72' lang='lat' dir='ltr'><strong>familiarium,</strong></span> <span class='ocrx_word' id='word_1_58' title='bbox 422 671 543 726; x_wconf 87' lang='lat' dir='ltr'><strong>Rhodum</strong></span> <span class='ocrx_word' id='word_1_59' title='bbox 559 673 642 728; x_wconf 87' lang='lat' dir='ltr'><strong>secuti</strong></span> <span class='ocrx_word' id='word_1_60' title='bbox 657 677 684 727; x_wconf 92' lang='lat' dir='ltr'><strong>et</strong></span> <span class='ocrx_word' id='word_1_61' title='bbox 700 673 767 744; x_wconf 86' lang='lat' dir='ltr'><strong>epud</strong></span> <span class='ocrx_word' id='word_1_62' title='bbox 784 673 833 728; x_wconf 80' lang='lat' dir='ltr'><strong>Ce-</strong></span> 
     </span>
     <span class='ocr_line' id='line_1_9' title="bbox 32 747 832 819; baseline 0.003 -16"><span class='ocrx_word' id='word_1_63' title='bbox 32 768 105 819; x_wconf 84' lang='lat' dir='ltr'><strong>preas</strong></span> <span class='ocrx_word' id='word_1_64' title='bbox 113 749 260 815; x_wconf 87' lang='lat' dir='ltr'><strong>individui余</strong></span> <span class='ocrx_word' id='word_1_65' title='bbox 278 748 442 804; x_wconf 83' lang='lat' dir='ltr'><strong>Vesculurius</strong></span> <span class='ocrx_word' id='word_1_66' title='bbox 454 747 602 804; x_wconf 72' lang='lat' dir='ltr'><strong>insidiarum</strong></span> <span class='ocrx_word' id='word_1_67' title='bbox 615 751 642 804; x_wconf 93' lang='lat' dir='ltr'><strong>in</strong></span> <span class='ocrx_word' id='word_1_68' title='bbox 653 749 777 804; x_wconf 81' lang='lat' dir='ltr'><strong>Libonem</strong></span> <span class='ocrx_word' id='word_1_69' title='bbox 796 752 832 806; x_wconf 87' lang='lat' dir='ltr'><strong>in-</strong></span> 
     </span>
     <span class='ocr_line' id='line_1_10' title="bbox 33 825 832 897; baseline 0.004 -17"><span class='ocrx_word' id='word_1_70' title='bbox 33 827 196 881; x_wconf 85' lang='lat' dir='ltr'><strong>temuntius:</strong></span> <span class='ocrx_word' id='word_1_71' title='bbox 217 826 321 880; x_wconf 83' lang='lat' dir='ltr'><strong>Marino</strong></span> <span class='ocrx_word' id='word_1_72' title='bbox 330 826 452 897; x_wconf 72' lang='lat' dir='ltr'><strong>participe</strong></span> <span class='ocrx_word' id='word_1_73' title='bbox 465 825 572 897; x_wconf 83' lang='lat' dir='ltr'><strong>Sejanus</strong></span> <span class='ocrx_word' id='word_1_74' title='bbox 585 826 703 881; x_wconf 78' lang='lat' dir='ltr'><strong>Curtium</strong></span> <span class='ocrx_word' id='word_1_75' title='bbox 715 828 832 884; x_wconf 84' lang='lat' dir='ltr'><strong>Atticum</strong></span> 
     </span>
     <span class='ocr_line' id='line_1_11' title="bbox 33 902 832 976; baseline 0.006 -21"><span class='ocrx_word' id='word_1_76' title='bbox 33 907 204 973; x_wconf 76' lang='lat' dir='ltr'><strong>oppresserat.</strong></span> <span class='ocrx_word' id='word_1_77' title='bbox 255 902 315 961; x_wconf 79' lang='lat' dir='ltr'><strong>Quo</strong></span> <span class='ocrx_word' id='word_1_78' title='bbox 337 902 421 958; x_wconf 74' lang='lat' dir='ltr'><strong>letius</strong></span> <span class='ocrx_word' id='word_1_79' title='bbox 443 907 574 974; x_wconf 79' lang='lat' dir='ltr'><strong>acceptum</strong></span> <span class='ocrx_word' id='word_1_80' title='bbox 598 921 645 958; x_wconf 82' lang='lat' dir='ltr'><strong>suu</strong></span> <span class='ocrx_word' id='word_1_81' title='bbox 668 904 782 976; x_wconf 82' lang='lat' dir='ltr'><strong>exemplu</strong></span> <span class='ocrx_word' id='word_1_82' title='bbox 804 905 832 960; x_wconf 89' lang='lat' dir='ltr'><strong>in</strong></span> 
     </span>
     <span class='ocr_line' id='line_1_12' title="bbox 32 978 333 1034; baseline 0.007 -2"><span class='ocrx_word' id='word_1_83' title='bbox 32 979 192 1034; x_wconf 78' lang='lat' dir='ltr'><strong>consultores</strong></span> <span class='ocrx_word' id='word_1_84' title='bbox 205 978 333 1034; x_wconf 88' lang='lat' dir='ltr'><strong>recidisse.</strong></span> 
     </span>
    </p>

    <p class='ocr_par' dir='ltr' id='par_1_3' title="bbox 23 1055 871 2738">
     <span class='ocr_line' id='line_1_13' title="bbox 64 1055 855 1127; baseline 0.003 -17"><span class='ocrx_word' id='word_1_85' title='bbox 64 1057 116 1110; x_wconf 84' lang='lat' dir='ltr'><strong>Per</strong></span> <span class='ocrx_word' id='word_1_86' title='bbox 132 1056 206 1112; x_wconf 88' lang='lat' dir='ltr'><strong>idem</strong></span> <span class='ocrx_word' id='word_1_87' title='bbox 225 1061 328 1126; x_wconf 90' lang='lat' dir='ltr'><strong>tempus</strong></span> <span class='ocrx_word' id='word_1_88' title='bbox 346 1055 377 1110; x_wconf 87' lang='lat' dir='ltr'><strong>L.</strong></span> <span class='ocrx_word' id='word_1_89' title='bbox 390 1055 452 1110; x_wconf 89' lang='lat' dir='ltr'><strong>Piso</strong></span> <span class='ocrx_word' id='word_1_90' title='bbox 469 1056 592 1127; x_wconf 77' lang='lat' dir='ltr'><strong>pontifex,</strong></span> <span class='ocrx_word' id='word_1_91' title='bbox 610 1074 695 1110; x_wconf 84' lang='lat' dir='ltr'><strong>rerum</strong></span> <span class='ocrx_word' id='word_1_92' title='bbox 713 1057 741 1112; x_wconf 90' lang='lat' dir='ltr'><strong>in</strong></span> <span class='ocrx_word' id='word_1_93' title='bbox 758 1061 855 1113; x_wconf 76' lang='lat' dir='ltr'><strong>tentet</strong></span> 
     </span>
     <span class='ocr_line' id='line_1_14' title="bbox 31 1132 829 1205; baseline 0.005 -19"><span class='ocrx_word' id='word_1_94' title='bbox 31 1132 192 1197; x_wconf 75' lang='lat' dir='ltr'><strong>claritudine,</strong></span> <span class='ocrx_word' id='word_1_95' title='bbox 209 1133 266 1188; x_wconf 82' lang='lat' dir='ltr'><strong>into</strong></span> <span class='ocrx_word' id='word_1_96' title='bbox 284 1132 355 1198; x_wconf 84' lang='lat' dir='ltr'><strong>obiit,</strong></span> <span class='ocrx_word' id='word_1_97' title='bbox 368 1132 462 1187; x_wconf 82' lang='lat' dir='ltr'><strong>nullius</strong></span> <span class='ocrx_word' id='word_1_98' title='bbox 481 1133 578 1187; x_wconf 82' lang='lat' dir='ltr'><strong>servilis</strong></span> <span class='ocrx_word' id='word_1_99' title='bbox 590 1134 723 1188; x_wconf 75' lang='lat' dir='ltr'><strong>sententie</strong></span> <span class='ocrx_word' id='word_1_100' title='bbox 739 1139 829 1205; x_wconf 91' lang='lat' dir='ltr'><strong>sponte</strong></span> 
     </span>
     <span class='ocr_line' id='line_1_15' title="bbox 31 1205 829 1282; baseline 0.003 -18"><span class='ocrx_word' id='word_1_101' title='bbox 31 1215 125 1278; x_wconf 79' lang='lat' dir='ltr'><strong>auctor,</strong></span> <span class='ocrx_word' id='word_1_102' title='bbox 143 1217 172 1264; x_wconf 93' lang='lat' dir='ltr'><strong>et</strong></span> <span class='ocrx_word' id='word_1_103' title='bbox 190 1205 311 1281; x_wconf 88' lang='lat' dir='ltr'><strong>quotiens</strong></span> <span class='ocrx_word' id='word_1_104' title='bbox 325 1210 463 1264; x_wconf 77' lang='lat' dir='ltr'><strong>necessitas</strong></span> <span class='ocrx_word' id='word_1_105' title='bbox 477 1210 616 1282; x_wconf 83' lang='lat' dir='ltr'><strong>ingrueret,</strong></span> <span class='ocrx_word' id='word_1_106' title='bbox 634 1211 761 1280; x_wconf 80' lang='lat' dir='ltr'><strong>supienter</strong></span> <span class='ocrx_word' id='word_1_107' title='bbox 776 1231 829 1267; x_wconf 89' lang='lat' dir='ltr'><strong>mo-</strong></span> 
     </span>
     <span class='ocr_line' id='line_1_16' title="bbox 31 1285 855 1354; baseline 0 -15"><span class='ocrx_word' id='word_1_108' title='bbox 31 1285 127 1341; x_wconf 79' lang='lat' dir='ltr'><strong>derans.</strong></span> <span class='ocrx_word' id='word_1_109' title='bbox 166 1287 275 1341; x_wconf 81' lang='lat' dir='ltr'><strong>Patrem</strong></span> <span class='ocrx_word' id='word_1_110' title='bbox 296 1287 320 1341; x_wconf 90' lang='lat' dir='ltr'><strong>ci</strong></span> <span class='ocrx_word' id='word_1_111' title='bbox 338 1287 480 1342; x_wconf 82' lang='lat' dir='ltr'><strong>censorium</strong></span> <span class='ocrx_word' id='word_1_112' title='bbox 498 1287 577 1342; x_wconf 87' lang='lat' dir='ltr'><strong>fuisse</strong></span> <span class='ocrx_word' id='word_1_113' title='bbox 595 1289 748 1354; x_wconf 84' lang='lat' dir='ltr'><strong>memorari余</strong></span> <span class='ocrx_word' id='word_1_114' title='bbox 767 1295 855 1344; x_wconf 73' lang='lat' dir='ltr'><strong>tetesl</strong></span> 
     </span>
     <span class='ocr_line' id='line_1_17' title="bbox 31 1362 829 1436; baseline 0.005 -20"><span class='ocrx_word' id='word_1_115' title='bbox 31 1362 61 1416; x_wconf 83' lang='lat' dir='ltr'><strong>ad</strong></span> <span class='ocrx_word' id='word_1_116' title='bbox 72 1364 263 1436; x_wconf 74' lang='lat' dir='ltr'><strong>octogesimum</strong></span> <span class='ocrx_word' id='word_1_117' title='bbox 275 1382 369 1418; x_wconf 78' lang='lat' dir='ltr'><strong>sunum</strong></span> <span class='ocrx_word' id='word_1_118' title='bbox 385 1363 509 1433; x_wconf 88' lang='lat' dir='ltr'><strong>processit</strong></span> <span class='ocrx_word' id='word_1_119' title='bbox 516 1385 523 1430; x_wconf 90' lang='lat'>余</span> <span class='ocrx_word' id='word_1_120' title='bbox 543 1363 620 1419; x_wconf 88' lang='lat' dir='ltr'><strong>decus</strong></span> <span class='ocrx_word' id='word_1_121' title='bbox 638 1364 790 1435; x_wconf 79' lang='lat' dir='ltr'><strong>triumphale</strong></span> <span class='ocrx_word' id='word_1_122' title='bbox 802 1367 829 1420; x_wconf 91' lang='lat' dir='ltr'><strong>in</strong></span> 
     </span>
     <span class='ocr_line' id='line_1_18' title="bbox 31 1441 853 1513; baseline -0.006 -16"><span class='ocrx_word' id='word_1_123' title='bbox 31 1441 135 1497; x_wconf 76' lang='lat' dir='ltr'><strong>Thracis</strong></span> <span class='ocrx_word' id='word_1_124' title='bbox 158 1447 300 1496; x_wconf 80' lang='lat' dir='ltr'><strong>meruerat.</strong></span> <span class='ocrx_word' id='word_1_125' title='bbox 337 1441 388 1496; x_wconf 85' lang='lat' dir='ltr'><strong>Sed</strong></span> <span class='ocrx_word' id='word_1_126' title='bbox 410 1443 538 1513; x_wconf 76' lang='lat' dir='ltr'><strong>precipuo</strong></span> <span class='ocrx_word' id='word_1_127' title='bbox 555 1459 587 1496; x_wconf 80' lang='lat' dir='ltr'><strong>cx</strong></span> <span class='ocrx_word' id='word_1_128' title='bbox 605 1460 635 1496; x_wconf 93' lang='lat' dir='ltr'><strong>eo</strong></span> <span class='ocrx_word' id='word_1_129' title='bbox 653 1442 741 1513; x_wconf 81' lang='lat' dir='ltr'><strong>glorie,</strong></span> <span class='ocrx_word' id='word_1_130' title='bbox 760 1443 853 1513; x_wconf 74' lang='lat' dir='ltr'><strong>quodd</strong></span> 
     </span>
     <span class='ocr_line' id='line_1_19' title="bbox 30 1518 828 1590; baseline 0.004 -18"><span class='ocrx_word' id='word_1_131' title='bbox 30 1520 168 1587; x_wconf 72' lang='lat' dir='ltr'><strong>praefectus</strong></span> <span class='ocrx_word' id='word_1_132' title='bbox 194 1518 252 1573; x_wconf 89' lang='lat' dir='ltr'><strong>urbi</strong></span> <span class='ocrx_word' id='word_1_133' title='bbox 277 1537 365 1574; x_wconf 90' lang='lat' dir='ltr'><strong>recens</strong></span> <span class='ocrx_word' id='word_1_134' title='bbox 383 1519 529 1574; x_wconf 84' lang='lat' dir='ltr'><strong>continuem</strong></span> <span class='ocrx_word' id='word_1_135' title='bbox 545 1523 699 1590; x_wconf 83' lang='lat' dir='ltr'><strong>potestatem</strong></span> <span class='ocrx_word' id='word_1_136' title='bbox 717 1524 744 1574; x_wconf 92' lang='lat' dir='ltr'><strong>et</strong></span> <span class='ocrx_word' id='word_1_137' title='bbox 761 1520 828 1575; x_wconf 85' lang='lat' dir='ltr'><strong>inso-</strong></span> 
     </span>
     <span class='ocr_line' id='line_1_20' title="bbox 29 1593 871 1667; baseline -0.002 -19"><span class='ocrx_word' id='word_1_138' title='bbox 29 1593 105 1650; x_wconf 83' lang='lat' dir='ltr'><strong>lentie</strong></span> <span class='ocrx_word' id='word_1_139' title='bbox 128 1595 241 1667; x_wconf 83' lang='lat' dir='ltr'><strong>parendi</strong></span> <span class='ocrx_word' id='word_1_140' title='bbox 264 1596 406 1666; x_wconf 80' lang='lat' dir='ltr'><strong>graviorem</strong></span> <span class='ocrx_word' id='word_1_141' title='bbox 426 1596 489 1650; x_wconf 88' lang='lat' dir='ltr'><strong>mire</strong></span> <span class='ocrx_word' id='word_1_142' title='bbox 509 1597 669 1667; x_wconf 78' lang='lat' dir='ltr'><strong>temperavit.</strong></span> <span class='ocrx_word' id='word_1_143' title='bbox 709 1593 871 1667; x_wconf 80' lang='lat' dir='ltr'><strong>Numquell</strong></span> 
     </span>
     <span class='ocr_line' id='line_1_21' title="bbox 29 1671 828 1744; baseline 0.004 -20"><span class='ocrx_word' id='word_1_144' title='bbox 29 1675 108 1741; x_wconf 60' lang='lat' dir='ltr'><strong>entes</strong></span> <span class='ocrx_word' id='word_1_145' title='bbox 124 1671 253 1744; x_wconf 86' lang='lat' dir='ltr'><strong>profectis</strong></span> <span class='ocrx_word' id='word_1_146' title='bbox 266 1671 340 1727; x_wconf 88' lang='lat' dir='ltr'><strong>domo</strong></span> <span class='ocrx_word' id='word_1_147' title='bbox 352 1673 455 1744; x_wconf 87' lang='lat' dir='ltr'><strong>regibus</strong></span> <span class='ocrx_word' id='word_1_148' title='bbox 471 1691 501 1728; x_wconf 81' lang='lat' dir='ltr'><strong>uc</strong></span> <span class='ocrx_word' id='word_1_149' title='bbox 512 1690 572 1727; x_wconf 88' lang='lat' dir='ltr'><strong>mcx</strong></span> <span class='ocrx_word' id='word_1_150' title='bbox 583 1671 783 1743; x_wconf 74' lang='lat' dir='ltr'><strong>magistratibus,</strong></span> <span class='ocrx_word' id='word_1_151' title='bbox 796 1691 828 1728; x_wconf 86' lang='lat' dir='ltr'><strong>ne</strong></span> 
     </span>
     <span class='ocr_line' id='line_1_22' title="bbox 29 1747 828 1820; baseline 0.003 -20"><span class='ocrx_word' id='word_1_152' title='bbox 29 1747 86 1802; x_wconf 88' lang='lat' dir='ltr'><strong>urbs</strong></span> <span class='ocrx_word' id='word_1_153' title='bbox 98 1749 157 1804; x_wconf 86' lang='lat' dir='ltr'><strong>sine</strong></span> <span class='ocrx_word' id='word_1_154' title='bbox 177 1748 285 1820; x_wconf 89' lang='lat' dir='ltr'><strong>imperio</strong></span> <span class='ocrx_word' id='word_1_155' title='bbox 301 1748 376 1814; x_wconf 78' lang='lat' dir='ltr'><strong>foret,</strong></span> <span class='ocrx_word' id='word_1_156' title='bbox 389 1749 417 1803; x_wconf 91' lang='lat' dir='ltr'><strong>in</strong></span> <span class='ocrx_word' id='word_1_157' title='bbox 427 1754 530 1820; x_wconf 88' lang='lat' dir='ltr'><strong>tempus</strong></span> <span class='ocrx_word' id='word_1_158' title='bbox 549 1749 708 1820; x_wconf 79' lang='lat' dir='ltr'><strong>deligebatur</strong></span> <span class='ocrx_word' id='word_1_159' title='bbox 726 1748 770 1818; x_wconf 91' lang='lat' dir='ltr'><strong>qui</strong></span> <span class='ocrx_word' id='word_1_160' title='bbox 784 1748 828 1818; x_wconf 84' lang='lat' dir='ltr'><strong>jue</strong></span> 
     </span>
     <span class='ocr_line' id='line_1_23' title="bbox 27 1825 827 1896; baseline 0.001 -17"><span class='ocrx_word' id='word_1_161' title='bbox 27 1825 143 1880; x_wconf 88' lang='lat' dir='ltr'><strong>redderet</strong></span> <span class='ocrx_word' id='word_1_162' title='bbox 164 1825 307 1880; x_wconf 76' lang='lat' dir='ltr'><strong>accubitis</strong></span> <span class='ocrx_word' id='word_1_163' title='bbox 330 1825 489 1892; x_wconf 88' lang='lat' dir='ltr'><strong>mederetur余</strong></span> <span class='ocrx_word' id='word_1_164' title='bbox 508 1827 645 1896; x_wconf 87' lang='lat' dir='ltr'><strong>feruntque</strong></span> <span class='ocrx_word' id='word_1_165' title='bbox 666 1825 698 1880; x_wconf 84' lang='lat' dir='ltr'><strong>eb</strong></span> <span class='ocrx_word' id='word_1_166' title='bbox 716 1825 827 1880; x_wconf 88' lang='lat' dir='ltr'><strong>Romulo</strong></span> 
     </span>
     <span class='ocr_line' id='line_1_24' title="bbox 26 1901 827 1972; baseline 0.002 -18"><span class='ocrx_word' id='word_1_167' title='bbox 26 1901 152 1956; x_wconf 85' lang='lat' dir='ltr'><strong>Dentrem</strong></span> <span class='ocrx_word' id='word_1_168' title='bbox 175 1901 333 1966; x_wconf 81' lang='lat' dir='ltr'><strong>Romulium,</strong></span> <span class='ocrx_word' id='word_1_169' title='bbox 353 1907 412 1972; x_wconf 89' lang='lat' dir='ltr'><strong>post</strong></span> <span class='ocrx_word' id='word_1_170' title='bbox 433 1901 465 1957; x_wconf 83' lang='lat' dir='ltr'><strong>eb</strong></span> <span class='ocrx_word' id='word_1_171' title='bbox 484 1903 558 1957; x_wconf 66' lang='lat' dir='ltr'><strong>&#39;lullo</strong></span> <span class='ocrx_word' id='word_1_172' title='bbox 578 1901 693 1957; x_wconf 89' lang='lat' dir='ltr'><strong>Hostilio</strong></span> <span class='ocrx_word' id='word_1_173' title='bbox 714 1901 827 1956; x_wconf 76' lang='lat' dir='ltr'><strong>Numam</strong></span> 
     </span>
     <span class='ocr_line' id='line_1_25' title="bbox 25 1977 825 2050; baseline 0.003 -19"><span class='ocrx_word' id='word_1_174' title='bbox 25 1977 163 2044; x_wconf 83' lang='lat' dir='ltr'><strong>Marcium,</strong></span> <span class='ocrx_word' id='word_1_175' title='bbox 175 1983 202 2034; x_wconf 88' lang='lat' dir='ltr'><strong>ct</strong></span> <span class='ocrx_word' id='word_1_176' title='bbox 215 1978 247 2033; x_wconf 82' lang='lat' dir='ltr'><strong>cb</strong></span> <span class='ocrx_word' id='word_1_177' title='bbox 256 1979 394 2048; x_wconf 84' lang='lat' dir='ltr'><strong>Tarquinio</strong></span> <span class='ocrx_word' id='word_1_178' title='bbox 408 1979 522 2050; x_wconf 80' lang='lat' dir='ltr'><strong>Superbo</strong></span> <span class='ocrx_word' id='word_1_179' title='bbox 535 1979 654 2050; x_wconf 83' lang='lat' dir='ltr'><strong>Spurium</strong></span> <span class='ocrx_word' id='word_1_180' title='bbox 666 1978 825 2046; x_wconf 86' lang='lat' dir='ltr'><strong>Lucretium,</strong></span> 
     </span>
     <span class='ocr_line' id='line_1_26' title="bbox 25 2053 851 2127; baseline 0.001 -18"><span class='ocrx_word' id='word_1_181' title='bbox 25 2053 168 2126; x_wconf 87' lang='lat' dir='ltr'><strong>impositos.</strong></span> <span class='ocrx_word' id='word_1_182' title='bbox 205 2055 275 2110; x_wconf 89' lang='lat' dir='ltr'><strong>Dein</strong></span> <span class='ocrx_word' id='word_1_183' title='bbox 291 2055 407 2110; x_wconf 87' lang='lat' dir='ltr'><strong>consules</strong></span> <span class='ocrx_word' id='word_1_184' title='bbox 423 2055 594 2120; x_wconf 81' lang='lat' dir='ltr'><strong>mundabant3</strong></span> <span class='ocrx_word' id='word_1_185' title='bbox 612 2055 737 2127; x_wconf 86' lang='lat' dir='ltr'><strong>duretque</strong></span> <span class='ocrx_word' id='word_1_186' title='bbox 750 2055 851 2111; x_wconf 81' lang='lat' dir='ltr'><strong>simu-2</strong></span> 
     </span>
     <span class='ocr_line' id='line_1_27' title="bbox 24 2131 826 2204; baseline 0.006 -21"><span class='ocrx_word' id='word_1_187' title='bbox 24 2131 126 2199; x_wconf 82' lang='lat' dir='ltr'><strong>lacrum,</strong></span> <span class='ocrx_word' id='word_1_188' title='bbox 142 2132 264 2203; x_wconf 89' lang='lat' dir='ltr'><strong>quotiens</strong></span> <span class='ocrx_word' id='word_1_189' title='bbox 276 2131 310 2187; x_wconf 91' lang='lat' dir='ltr'><strong>ob</strong></span> <span class='ocrx_word' id='word_1_190' title='bbox 322 2132 397 2186; x_wconf 82' lang='lat' dir='ltr'><strong>feries</strong></span> <span class='ocrx_word' id='word_1_191' title='bbox 409 2132 517 2188; x_wconf 79' lang='lat' dir='ltr'><strong>Latinus</strong></span> <span class='ocrx_word' id='word_1_192' title='bbox 530 2132 668 2204; x_wconf 73' lang='lat' dir='ltr'><strong>preficitur</strong></span> <span class='ocrx_word' id='word_1_193' title='bbox 680 2133 724 2203; x_wconf 87' lang='lat' dir='ltr'><strong>qui</strong></span> <span class='ocrx_word' id='word_1_194' title='bbox 735 2151 826 2188; x_wconf 88' lang='lat' dir='ltr'><strong>consu-</strong></span> 
     </span>
     <span class='ocr_line' id='line_1_28' title="bbox 23 2207 849 2281; baseline 0 -19"><span class='ocrx_word' id='word_1_195' title='bbox 23 2207 71 2263; x_wconf 83' lang='lat' dir='ltr'><strong>lare</strong></span> <span class='ocrx_word' id='word_1_196' title='bbox 84 2227 184 2263; x_wconf 89' lang='lat' dir='ltr'><strong>munus</strong></span> <span class='ocrx_word' id='word_1_197' title='bbox 193 2212 310 2280; x_wconf 86' lang='lat' dir='ltr'><strong>usurpet.</strong></span> <span class='ocrx_word' id='word_1_198' title='bbox 347 2209 468 2264; x_wconf 85' lang='lat' dir='ltr'><strong>Ceterum</strong></span> <span class='ocrx_word' id='word_1_199' title='bbox 477 2211 612 2281; x_wconf 83' lang='lat' dir='ltr'><strong>Angustus</strong></span> <span class='ocrx_word' id='word_1_200' title='bbox 625 2209 697 2264; x_wconf 85' lang='lat' dir='ltr'><strong>bellis</strong></span> <span class='ocrx_word' id='word_1_201' title='bbox 709 2209 825 2264; x_wconf 85' lang='lat' dir='ltr'><strong>civilibus</strong></span> <span class='ocrx_word' id='word_1_202' title='bbox 834 2217 849 2261; x_wconf 76' lang='lat' dir='ltr'><strong>t</strong></span> 
     </span>
     <span class='ocr_line' id='line_1_29' title="bbox 24 2285 825 2357; baseline 0.002 -19"><span class='ocrx_word' id='word_1_203' title='bbox 24 2285 135 2340; x_wconf 87' lang='lat' dir='ltr'><strong>Cilnium</strong></span> <span class='ocrx_word' id='word_1_204' title='bbox 161 2286 340 2351; x_wconf 81' lang='lat' dir='ltr'><strong>Meecenetem,</strong></span> <span class='ocrx_word' id='word_1_205' title='bbox 362 2286 487 2356; x_wconf 80' lang='lat' dir='ltr'><strong>equestris</strong></span> <span class='ocrx_word' id='word_1_206' title='bbox 511 2285 614 2352; x_wconf 79' lang='lat' dir='ltr'><strong>ordinis,</strong></span> <span class='ocrx_word' id='word_1_207' title='bbox 635 2286 734 2341; x_wconf 88' lang='lat' dir='ltr'><strong>cunctis</strong></span> <span class='ocrx_word' id='word_1_208' title='bbox 758 2286 825 2357; x_wconf 78' lang='lat' dir='ltr'><strong>apud</strong></span> 
     </span>
     <span class='ocr_line' id='line_1_30' title="bbox 24 2360 850 2433; baseline 0.001 -17"><span class='ocrx_word' id='word_1_209' title='bbox 24 2360 133 2417; x_wconf 82' lang='lat' dir='ltr'><strong>Romam</strong></span> <span class='ocrx_word' id='word_1_210' title='bbox 147 2365 227 2432; x_wconf 86' lang='lat' dir='ltr'><strong>atque</strong></span> <span class='ocrx_word' id='word_1_211' title='bbox 239 2362 342 2417; x_wconf 75' lang='lat' dir='ltr'><strong>Italiam</strong></span> <span class='ocrx_word' id='word_1_212' title='bbox 355 2363 501 2433; x_wconf 69' lang='lat' dir='ltr'><strong>preposuit.</strong></span> <span class='ocrx_word' id='word_1_213' title='bbox 538 2363 602 2417; x_wconf 87' lang='lat' dir='ltr'><strong>Mox</strong></span> <span class='ocrx_word' id='word_1_214' title='bbox 615 2381 699 2417; x_wconf 91' lang='lat' dir='ltr'><strong>rernm</strong></span> <span class='ocrx_word' id='word_1_215' title='bbox 716 2363 850 2433; x_wconf 66' lang='lat' dir='ltr'><strong>potitust</strong></span> 
     </span>
     <span class='ocr_line' id='line_1_31' title="bbox 25 2438 825 2510; baseline 0 -18"><span class='ocrx_word' id='word_1_216' title='bbox 25 2438 51 2493; x_wconf 85' lang='lat' dir='ltr'><strong>cb</strong></span> <span class='ocrx_word' id='word_1_217' title='bbox 63 2438 273 2510; x_wconf 75' lang='lat' dir='ltr'><strong>magnitudinem</strong></span> <span class='ocrx_word' id='word_1_218' title='bbox 285 2439 373 2510; x_wconf 90' lang='lat' dir='ltr'><strong>populi</strong></span> <span class='ocrx_word' id='word_1_219' title='bbox 385 2457 414 2493; x_wconf 83' lang='lat' dir='ltr'><strong>sc</strong></span> <span class='ocrx_word' id='word_1_220' title='bbox 423 2438 497 2493; x_wconf 77' lang='lat' dir='ltr'><strong>tarda</strong></span> <span class='ocrx_word' id='word_1_221' title='bbox 504 2439 591 2509; x_wconf 87' lang='lat' dir='ltr'><strong>legum</strong></span> <span class='ocrx_word' id='word_1_222' title='bbox 603 2439 704 2504; x_wconf 80' lang='lat' dir='ltr'><strong>auxilie,</strong></span> <span class='ocrx_word' id='word_1_223' title='bbox 715 2439 825 2509; x_wconf 87' lang='lat' dir='ltr'><strong>sumpsit</strong></span> 
     </span>
     <span class='ocr_line' id='line_1_32' title="bbox 25 2515 825 2586; baseline -0.003 -18"><span class='ocrx_word' id='word_1_224' title='bbox 25 2532 35 2567; x_wconf 86' lang='lat' dir='ltr'><strong>e</strong></span> <span class='ocrx_word' id='word_1_225' title='bbox 51 2515 235 2570; x_wconf 77' lang='lat' dir='ltr'><strong>consularibus</strong></span> <span class='ocrx_word' id='word_1_226' title='bbox 257 2516 302 2586; x_wconf 89' lang='lat' dir='ltr'><strong>qui</strong></span> <span class='ocrx_word' id='word_1_227' title='bbox 321 2518 452 2570; x_wconf 75' lang='lat' dir='ltr'><strong>coerceret</strong></span> <span class='ocrx_word' id='word_1_228' title='bbox 472 2515 577 2570; x_wconf 79' lang='lat' dir='ltr'><strong>servitia</strong></span> <span class='ocrx_word' id='word_1_229' title='bbox 597 2519 624 2570; x_wconf 89' lang='lat' dir='ltr'><strong>et</strong></span> <span class='ocrx_word' id='word_1_230' title='bbox 644 2515 713 2586; x_wconf 89' lang='lat' dir='ltr'><strong>quod</strong></span> <span class='ocrx_word' id='word_1_231' title='bbox 731 2515 825 2568; x_wconf 87' lang='lat' dir='ltr'><strong>civium</strong></span> 
     </span>
     <span class='ocr_line' id='line_1_33' title="bbox 24 2588 849 2658; baseline -0.007 -14"><span class='ocrx_word' id='word_1_232' title='bbox 24 2592 126 2648; x_wconf 77' lang='lat' dir='ltr'><strong>audacia</strong></span> <span class='ocrx_word' id='word_1_233' title='bbox 142 2591 287 2656; x_wconf 87' lang='lat' dir='ltr'><strong>turbidum,</strong></span> <span class='ocrx_word' id='word_1_234' title='bbox 301 2591 351 2646; x_wconf 87' lang='lat' dir='ltr'><strong>uisi</strong></span> <span class='ocrx_word' id='word_1_235' title='bbox 366 2591 418 2645; x_wconf 89' lang='lat' dir='ltr'><strong>rim</strong></span> <span class='ocrx_word' id='word_1_236' title='bbox 434 2595 487 2646; x_wconf 87' lang='lat' dir='ltr'><strong>met</strong></span> <span class='ocrx_word' id='word_1_237' title='bbox 521 2595 541 2644; x_wconf 89' lang='lat' dir='ltr'><strong>t.</strong></span> <span class='ocrx_word' id='word_1_238' title='bbox 586 2591 739 2658; x_wconf 80' lang='lat' dir='ltr'><strong>Primusque</strong></span> <span class='ocrx_word' id='word_1_239' title='bbox 755 2588 849 2640; x_wconf 79' lang='lat' dir='ltr'><strong>Mes-5</strong></span> 
     </span>
     <span class='ocr_line' id='line_1_34' title="bbox 25 2660 824 2738; baseline -0.014 -16"><span class='ocrx_word' id='word_1_240' title='bbox 25 2669 68 2722; x_wconf 78' lang='lat' dir='ltr'><strong>ula</strong></span> <span class='ocrx_word' id='word_1_241' title='bbox 90 2668 226 2723; x_wconf 81' lang='lat' dir='ltr'><strong>Corvinus</strong></span> <span class='ocrx_word' id='word_1_242' title='bbox 246 2686 302 2723; x_wconf 83' lang='lat' dir='ltr'><strong>eom</strong></span> <span class='ocrx_word' id='word_1_243' title='bbox 326 2671 489 2738; x_wconf 80' lang='lat' dir='ltr'><strong>potestatem,</strong></span> <span class='ocrx_word' id='word_1_244' title='bbox 512 2671 539 2721; x_wconf 89' lang='lat' dir='ltr'><strong>et</strong></span> <span class='ocrx_word' id='word_1_245' title='bbox 559 2684 654 2737; x_wconf 79' lang='lat' dir='ltr'><strong>paucos</strong></span> <span class='ocrx_word' id='word_1_246' title='bbox 678 2665 746 2718; x_wconf 84' lang='lat' dir='ltr'><strong>intre</strong></span> <span class='ocrx_word' id='word_1_247' title='bbox 769 2660 824 2713; x_wconf 87' lang='lat' dir='ltr'><strong>dies</strong></span> 
     </span>
    </p>
   </div>
   <div class='ocr_carea' id='block_1_3' title="bbox 0 0 1018 2992">
    <p class='ocr_par' dir='ltr' id='par_1_4' title="bbox 0 0 1018 2992">
     <span class='ocr_line' id='line_1_35' title="bbox 0 0 1018 2992; baseline 0 4"><span class='ocrx_word' id='word_1_248' title='bbox 0 0 1018 2992; x_wconf 95' lang='lat' dir='ltr'><strong> </strong></span> 
     </span>
    </p>
   </div>
  </div>
 </body>
</html>
