1860 2956
50 251 145 296 nm
220 193 419 243 ANNALIUM
435 195 514 244 xm.
531 197 634 245 89-42
778 197 825 246 291

45 307 116 358 ratus.
144 253 222 360 JDein
245 307 382 375 postquam
401 305 575 375 exploratores
598 303 709 360 saules
731 303 850 377 longis-2

44 395 114 448 quum
131 380 201 452 regis
222 380 272 436 iter
283 384 310 435 et
329 379 402 436 Medi
419 399 452 436 an
467 380 561 436 Albani
579 385 730 452 peterentur
746 381 829 438 incer·

43 455 99 523 tum,
109 455 345 527 lueemopperitur3
363 457 542 528 premissaque
553 457 616 514 levis
625 462 762 526 matura
771 475 828 530 quse

37 545 120 602 muros
130 532 239 589 interim
252 531 358 588 ambiret
375 533 639 606 oppugnationemque
655 534 753 590 eminus
765 535 828 590 inci·

37 611 111 674 peret
146 608 199 664 Sed
212 607 333 679 oppidani
343 609 424 678 portis
437 613 528 680 sponte
541 609 679 680 patefactis
691 629 719 666 se
730 619 850 683 suaquot

36 677 155 738 Romanis
166 683 315 754 permisere.
351 684 429 744 Quod
439 685 548 740 salutem
563 685 625 758 ipsis
637 686 699 741 tulit
705 707 714 754 ;
732 689 827 742 Artas

20 783 22 788 ·
36 757 80 812 atis
91 759 158 830 ignis
171 759 311 825 immissus,
326 759 459 832 deletaque
471 765 497 816 et
510 761 563 816 solo
574 767 675 833 aequata
685 767 756 829 sunt,
767 763 828 835 quis

35 849 78 888 uec
92 836 178 892 tenesd
195 835 252 892 sine
269 835 352 891 valido
370 837 487 907 prasidio
502 837 535 893 ob
551 837 752 910 magnitudinem
765 857 827 896 mte-

34 907 107 980 pium,
118 930 168 967 nec
180 910 209 966 id
221 911 294 966 nobis
311 911 402 968 virium
418 918 474 968 erat
490 913 558 984 quod
569 914 692 969 &nando
708 915 826 985 praesidio

34 987 58 1038 at
74 987 234 1056 capessendo
251 987 317 1042 bello
335 987 507 1044 divideretur:
531 989 573 1045 vel
589 990 613 1044 si
627 990 729 1062 integra
745 997 772 1047 et
789 993 826 1048 in·

34 1063 157 1119 cutodita
175 1063 390 1135 relinquerentur,
403 1065 473 1119 nulla
489 1065 517 1120 in
528 1083 558 1121 eo
574 1065 674 1122 utilitas
688 1071 733 1122 aut
745 1068 826 1138 gloria

32 1137 705 1284 adsueseitadsuescit
717 1144 848 1276 iuli

32 1285 97 1346 fuere
104 1314 112 1358 ;
131 1291 205 1362 quod
217 1290 341 1346 moenibns
354 1291 510 1363 cingebatur,
523 1293 560 1348 ita
574 1299 679 1365 repente
691 1298 747 1350 atra
758 1295 826 1353 nube

31 1372 188 1499 ass„
203 1367 630 1501 desistimus
644 1375 685 1503 a,
698 1389 847 1504 issu

31 1517 152 1576 salutatus
165 1521 306 1589 imperator
317 1519 396 1584 Nero,
409 1523 436 1575 et
453 1525 557 1576 senatus
569 1523 685 1578 consulto
697 1525 825 1594 supplica·

29 1592 107 1666 tiones
118 1596 230 1662 hubitae5
245 1599 388 1666 statusque
396 1600 423 1650 et
432 1615 505 1652 arcus
514 1602 541 1652 et
550 1599 665 1654 continui
676 1600 823 1656 consulatue

29 1670 142 1743 principi,
155 1675 239 1742 utque
255 1671 323 1726 inter
340 1671 420 1726 iestos
438 1674 577 1729 referretur
589 1675 642 1730 dies
659 1693 710 1747 quo
722 1681 824 1746 patrato

27 1746 139 1814 sictone,
154 1764 208 1820 quo
223 1747 348 1814 nuntiate,
361 1765 411 1818 quo
426 1749 535 1804 relatum
550 1751 581 1806 de
596 1770 626 1806 es
637 1755 713 1820 osset,
725 1752 824 1824 aliaque

27 1819 176 1879 incandem
193 1823 301 1877 formam
319 1823 505 1892 decemuntur3
524 1825 587 1882 adeo
602 1827 706 1883 modam
722 1847 824 1901 egressa

26 1901 54 1952 ut
74 1899 104 1954 O.
118 1899 235 1966 Cassius,
255 1897 287 1954 de
310 1901 402 1956 ceteris
425 1901 564 1958 honoribus
588 1921 714 1971 assensus,
733 1906 756 1961 si
776 1925 823 1978 pro

25 1969 187 2046 benignitate
211 1975 321 2030 fortunae
345 1975 383 2030 dis
407 1981 493 2047 grates
516 1985 661 2048 agerentur,
682 2000 715 2037 ne
738 1986 824 2040 totum

24 2050 127 2122 quidem
151 2070 249 2106 annum
275 2051 504 2122 supplicationibus
528 2056 642 2113 sufficere
665 2059 823 2131 disseruerit,

22 2143 109 2259 ild:
120 2131 243 2260 titii?
249 2127 461 2261 illidit?
470 2134 666 2279 ilduillm
684 2137 746 2203 ω’
765 2139 823 2210 ‘¹⁰¹⁸

54 2279 145 2336 Variis
170 2279 262 2335 deinde
285 2280 387 2337 casibus
408 2283 521 2354 jactatus
545 2290 571 2341 et
597 2287 737 2344 multorum
764 2289 868 2350 odiam

20 2356 131 2412 meritus
142 2375 211 2422 reus,
221 2356 291 2412 haud
302 2362 388 2413 teman
400 2359 454 2414 sine
463 2360 558 2416 inuidia
567 2363 668 2420 Senecae
678 2365 821 2423 damnatur.

1 2477 2 2480 ,
21 2426 49 2486 Is
65 2433 120 2488 fuit
138 2432 258 2488 Publius
268 2433 379 2503 Suillius,
396 2435 558 2506 imperitante
576 2439 683 2496 Claudio
700 2443 822 2498 terribilia

1 2551 2 2554 η
20 2524 49 2564 ao
61 2508 170 2574 venalis,
184 2515 210 2564 et
222 2510 365 2565 mutatione
377 2514 520 2583 temporum
529 2533 581 2569 non
591 2524 713 2588 quantum
725 2519 823 2576 inimici

19 2589 149 2656 cuperent
171 2584 304 2652 demissus,
328 2586 421 2658 quique
442 2607 469 2644 se
487 2596 621 2646 nocentem
641 2593 722 2647 videri
745 2612 823 2661 quem

19 2661 168 2732 supplicem
186 2662 281 2716 mallet.
318 2661 382 2731 Ejus
404 2664 564 2731 opprimendi
583 2667 666 2733 gratia
683 2665 844 2728 repetitume

19 2739 178 2795 credebatur
197 2741 303 2793 senatus
325 2737 470 2792 consultum
494 2753 619 2804 poenaque
642 2733 735 2785 Cinciae
758 2733 822 2799 legis
