1866 2944
164 149 209 197 148
498 152 617 202 Taum

773 209 898 268 cauom.

150 263 187 326 ¹et
205 259 368 330 predatorias
384 280 474 318 manus
491 263 583 320 delecti
598 266 748 321 Maurorum
762 265 852 321 duxere:
865 263 898 332 ipo
923 259 924 318 Ξ

112 336 149 390 25
160 337 291 392 consultor
315 338 402 394 adeum
426 341 551 396 omnibus.
586 343 645 398 Nec
663 345 742 398 multo
762 347 815 415 post
829 341 900 395 melu

152 414 285 470 Numidas
297 417 365 486 apud
376 417 507 472 castellum
524 419 681 486 semirutum,
696 421 726 476 ab
742 420 799 492 ipsis
812 415 902 490 quondan

157 491 296 557 incensum,
316 493 359 547 cui
373 511 466 549 nomen
483 497 577 560 Armes,
596 497 687 566 positis¹
704 497 829 568 mapalibus
843 507 901 548 conse

158 567 233 631 dinsa
258 568 318 624 fisos
341 570 405 637 loco,
431 573 491 642 quia
513 573 593 627 vastis
611 573 707 628 circum
723 573 819 628 saltibus
833 565 902 625 mule

134 644 241 700 2batur.
277 646 344 701 {lum
362 648 486 719 expeditae
502 649 619 704 cohortes
634 650 736 722 alaone,
753 668 819 722 quani
833 648 902 714 inpar·

157 727 211 780 tem
223 726 377 780 ducerentur
388 725 491 796 ignare,
505 725 556 780 cito
568 727 669 798 agmine
677 728 809 799 rapiuntur.
839 717 901 777 Simul·

157 819 207 872 que
219 805 317 872 coeptus
329 801 391 866 dies,
404 804 431 856 et
443 805 569 856 concentu
585 802 707 858 tubarum
717 822 745 858 uc
755 799 901 858 meierum

157 878 262 934 aderant
275 877 611 944 semisomnosinberbaros,
621 880 762 950 praepeditis
771 875 901 934 Numicum
923 911 924 916 ,

132 956 228 1024 toquis
244 959 289 1010 aut
306 955 419 1010 diversos
435 959 524 1025 pastus
535 956 731 1025 pererrantibus.
764 955 800 1009 Ab
808 946 901 1007 Romul
922 931 924 972 ¹

155 1033 285 1087 confertus
294 1031 379 1104 pedes,
389 1031 518 1103 disposite
526 1035 624 1098 turmae,
635 1037 726 1088 cuncta
733 1031 811 1103 prulio
818 1026 901 1099 provin

154 1107 271 1164 hostibus
295 1111 385 1163 contra
401 1109 514 1162 omnium
531 1109 623 1164 nesciis
640 1127 693 1164 non
709 1125 779 1173 arma,
794 1123 838 1160 non
851 1100 900 1162 onio

154 1202 207 1240 non
227 1185 367 1250 consilium,
386 1185 432 1239 sed
448 1202 569 1255 pecorum
585 1185 661 1240 modo
678 1185 750 1250 trahi,
767 1180 842 1244 occidi»
856 1193 900 1246 wll

34 1271 35 1274 ’
129 1263 275 1317 ernfensus
286 1261 359 1316 miles
370 1262 491 1316 memoria
502 1261 616 1316 laborum
628 1266 655 1316 et
667 1262 791 1317 adversum
801 1255 901 1312 mudule

154 1343 249 1409 optatae
264 1338 360 1394 totiens
375 1357 475 1409 pugna,
493 1356 521 1393 se
540 1339 648 1408 quisque
663 1339 758 1393 ultione
773 1339 796 1390 et
808 1329 900 1404 sanguim

129 1415 296 1486 conplebant.
333 1415 459 1468 Differtur
475 1431 520 1484 per
531 1415 681 1484 manipulos,
694 1413 857 1468 Tacfarinatem
865 1421 900 1492 φὶ·

152 1509 206 1558 nes,
217 1496 308 1546 notum
319 1493 360 1546 tot
376 1491 478 1562 proeliis,
496 1494 692 1556 consectentur;
709 1488 801 1546 nonnisi
813 1486 863 1540 dua
873 1497 901 1534 u·

128 1569 260 1623 oterleoto
283 1568 397 1638 requiem
420 1567 480 1622 belli
503 1567 564 1621 lore.
601 1568 637 1621 At
658 1567 700 1622 ille
720 1564 815 1636 dejectis
831 1561 900 1615 onom

152 1646 318 1717 stipatoribus
335 1646 471 1716 vinctoque
485 1645 538 1716 jem
553 1645 604 1700 filio
620 1651 647 1699 et
662 1645 746 1700 effusis
760 1641 854 1710 undique
864 1635 900 1689 Rc*

151 1723 240 1788 manis,
259 1722 356 1778 ruendo
371 1722 398 1777 in
413 1722 472 1789 tela,
488 1721 663 1792 captivitatem
680 1721 748 1776 haud
759 1718 830 1774 inulte
841 1713 906 1767 moult

103 1801 142 1855 26
151 1799 249 1870 effugit.
284 1800 363 1870 Isque
386 1799 444 1854 finis
468 1798 544 1852 armis
561 1798 704 1868 impositus.
739 1791 856 1851 Dolabellc
869 1801 899 1856 pt·

60 1911 62 1914 -
150 1877 217 1931 tenti
233 1876 322 1931 abnuit
338 1875 503 1946 triumphalia
519 1874 643 1939 Tiberius,
663 1875 753 1946 Sejano
766 1870 865 1931 mtrem
876 1873 899 1914 Β

127 1951 228 2006 2Blaesi
240 1953 359 2008 auunculi
370 1952 425 2022 ejus
437 1952 493 2006 leus
505 1950 683 2006 obsolesceret.
720 1949 769 2004 Sed
778 1937 899 2030 nequtosslst

150 2046 194 2083 sue
206 2026 263 2084 ideo
275 2029 406 2092 illustrior,
419 2031 446 2083 et
457 2028 517 2082 huic
529 2031 637 2099 negatus
649 2027 730 2082 honor
741 2024 834 2098 glorian
842 2019 899 2073 ΠΜ·

150 2105 203 2162 dit:
224 2109 317 2178 quippe
333 2107 430 2161 minore
445 2107 561 2161 exercitu
575 2105 688 2176 insignes
705 2105 817 2177 captivos,
832 2092 898 2152 (ΜΝ

125 2183 228 2251 aducis,
240 2184 349 2254 bellique
361 2183 471 2238 confecti
482 2183 575 2236 samam
584 2182 737 2252 deportarat.
762 2171 900 2250 sequebantur

148 2264 175 2316 et
194 2261 376 2315 Garamantum
389 2259 476 2330 legati,
497 2277 555 2314 raro
572 2260 600 2314 iu
615 2258 678 2314 urbe
697 2259 752 2324 visi,
766 2272 822 2328 quos
837 2241 902 2304 llll?

84 2378 94 2394 ,
147 2336 230 2392 riuete
247 2354 313 2392 oaeso
331 2335 448 2406 perculsu
468 2353 531 2404 gens
548 2339 575 2390 et
594 2336 675 2405 culpa
688 2335 772 2390 nescia
788 2329 816 2386 ed
828 2317 901 2406 ⁸th

122 2411 264 2465 ‘iciendum
287 2411 381 2480 populo
405 2411 522 2464 Romano
545 2411 658 2465 miseret.
706 2408 815 2482 Cognitis
834 2399 897 2456 delfi

129 2483 278 2537 ·Ptolemaei
300 2485 389 2552 perid
407 2485 501 2538 bellum
525 2487 618 2541 studiis
635 2488 760 2558 repetitus
776 2503 805 2540 ex
823 2471 901 2534 wlff

145 2573 208 2618 mos,
221 2557 364 2624 missusque
376 2577 390 2612 e
408 2560 568 2616 senatoribus
586 2562 631 2632 qui
648 2564 784 2634 scipionem
798 2559 895 2614 eburffll»

143 2632 230 2694 togam
241 2629 343 2695 pictam,
357 2633 462 2700 antiqua
472 2638 576 2702 patrum
590 2655 698 2692 munera
709 2639 786 2702 duret,
797 2630 898 2703 regul*

24 2717 29 2719 ·
143 2703 170 2749 et
182 2701 277 2751 socium
289 2705 366 2768 atque
377 2705 487 2760 aruinum
498 2710 646 2779 appellaret.
