1936 2968
135 133 182 180 360
470 129 590 178 TACITI
951 171 955 176 .

715 191 751 240 [Δ.
759 191 788 230 U.
799 193 822 232 c.
832 193 877 240 alt,
887 195 931 234 ala.

131 241 160 296 in
171 241 234 296 urbe
251 240 359 310 templis,
373 247 512 312 egestoque
528 259 590 296 auro
608 239 675 310 quod
690 241 842 312 triumphis,
863 243 932 314 quod

132 320 199 374 votis
215 319 296 374 omnis
311 319 398 389 populi
410 319 520 374 Romani
536 323 597 374 aetas
614 337 735 388 prospere
753 321 846 376 autin
861 327 931 376 metu

107 401 282 453 3sacraverat.
319 396 455 451 Enimrero
475 415 519 466 per
535 395 622 450 Asiam
640 399 718 466 atque
734 397 864 452 Achaiam
881 417 931 453 non

131 473 197 527 dona
217 476 319 527 tantum
342 473 388 527 sed
411 473 546 527 simulacra
570 471 702 526 numinum
727 471 929 544 abripiebantur,

131 549 214 604 missis
232 549 260 603 in
277 567 320 604 aas
338 549 480 619 provincias
497 551 594 602 Acrato
612 565 641 602 ac
660 548 780 602 8111111111
800 549 929 606 Carinate.

107 625 180 682 ⁴lIlle
197 625 304 680 libertus
323 626 464 696 cuicunque
482 625 579 696 flagitio
600 629 749 694 promptus3
776 625 820 680 hic
843 628 930 682 Gracc

132 701 247 758 doctrina
258 721 302 757 ore
313 706 389 756 tenus
401 702 537 766 exercitus,
551 700 661 756 animum
677 699 752 754 bonis
765 702 869 758 artibus
881 723 930 758 nou

108 778 257 834 oinduerat.
293 779 434 834 Ferebatur
449 779 551 842 Seneca,
565 795 616 847 quo
634 776 755 830 invidiam
770 780 930 851 sacrilegiis

132 863 212 911 semet
230 859 363 921 averteret,
381 855 512 926 longinqui
528 853 595 909 ruris
614 871 741 908 secessum
760 855 885 922 oravisse,
904 861 929 911 et

132 937 267 1003 postquam
295 951 348 986 non
371 931 562 995 comedebatur,
587 930 647 984 licta
673 929 832 996 valetudine,
859 934 930 1004 quasi

108 1018 199 1078 teger
217 1009 308 1074 nervis,
322 1008 466 1064 cubiculum
483 1025 535 1061 non
553 1023 677 1077 egressam.
714 1005 859 1062 Tradidere
877 1010 929 1079 qui-

132 1083 191 1138 darn
203 1103 326 1140 venenum
339 1085 363 1139 ei
379 1103 424 1156 per
435 1082 554 1138 libertum
566 1082 653 1152 ipsius,
666 1082 709 1136 cui
720 1099 817 1136 nomen
830 1085 929 1140 Cleoni-

132 1179 185 1225 cus,
199 1167 315 1230 paratum
331 1161 407 1232 jussu
424 1159 544 1223 Neronis,
558 1159 717 1228 vitatumque
730 1176 746 1211 a
759 1159 861 1215 Seneca
871 1180 929 1232 prc-

132 1237 227 1292 ditione
245 1238 331 1293 liberti
349 1256 396 1292 seu
412 1237 515 1308 propria
531 1234 673 1299 formidine,
691 1234 754 1289 dum
770 1238 929 1308 persimplici

131 1313 202 1368 victu
218 1318 245 1368 et
262 1314 405 1386 agrestibus
424 1313 513 1383 pomis,
531 1330 561 1368 ac
578 1311 601 1366 si
618 1311 675 1366 sitis
693 1310 853 1380 admoneret,
872 1333 930 1387 pro-

131 1389 226 1444 fluente
239 1408 304 1460 aqua
314 1390 394 1444 vitam
406 1389 506 1444 tolerat.

7 1537 8 1540 Ἴ
85 1461 123 1514 46
166 1465 296 1521 Paridem
307 1471 407 1537 tempus
417 1465 568 1536 gladiatores
580 1463 648 1534 apud
660 1462 782 1534 oppidum
795 1465 929 1523 haneste

131 1547 232 1598 tentata
248 1543 381 1614 eruptione
398 1542 516 1612 presidio
533 1539 628 1605 militis,
647 1540 693 1610 qui
708 1549 797 1596 custos
815 1541 927 1610 adesset,

132 1620 235 1675 co'e'rciti
247 1619 378 1690 aurtjam
397 1620 547 1689 Spartacum
561 1621 587 1672 et
604 1621 690 1672 vetera
700 1617 768 1671 mala
778 1619 928 1674 rumoribus

131 1696 230 1752 ferente
241 1696 342 1767 populo,
354 1699 384 1750 ut
402 1699 442 1750 est
454 1713 576 1750 novarum
587 1712 672 1749 rerum
688 1693 794 1762 cupiens
808 1695 929 1765 pavidus-

107 1784 189 1843 2que.
223 1772 281 1828 Nec
298 1772 379 1827 multo
395 1776 454 1842 post
470 1771 552 1826 clades
565 1770 603 1824 rei
619 1769 714 1824 navalis
727 1771 863 1840 accipitur,
877 1791 930 1828 non

130 1849 196 1904 bello
209 1849 311 1920 (quippe
323 1847 391 1903 haud
403 1847 464 1902 alias
480 1853 533 1903 tam
551 1847 656 1902 immota
666 1847 747 1917 pax):
766 1847 816 1902 sed
827 1855 929 1904 certum

130 1925 163 1980 ad
180 1925 247 1980 diem
264 1925 292 1980 in
309 1925 473 1996 Campaniam
490 1923 572 1978 redire
590 1922 696 1978 classem
713 1923 785 1978 Nero
802 1925 927 1995 jusserat,

107 2014 181 2058 311111
194 2003 306 2074 exceptis
316 2001 392 2056 maris
402 2000 510 2056 casibus.
529 1999 598 2070 argo
606 1998 799 2070 gubernatores
809 2003 928 2072 quamvis

130 2078 249 2134 saviente
272 2079 368 2151 pelago,
388 2096 404 2132 a
420 2077 528 2131 Formiis
552 2093 670 2142 movere;
688 2079 715 2130 et
733 2077 811 2147 gravi
828 2079 926 2144 Africo,

129 2153 188 2208 dum
202 2156 402 2224 promontorium
414 2153 509 2208 Miseni
520 2170 639 2223 superare
648 2152 818 2219 contendunt,
833 2154 927 2210 Cuma-

128 2231 168 2285 nis
186 2231 304 2287 litoribus
327 2231 431 2302 impacti
454 2229 596 2284 triremium
620 2227 753 2299 plerasque
777 2234 808 2284 et
827 2231 926 2286 minora

83 2315 119 2370 47
129 2307 229 2375 navigia
237 2308 332 2376 passim
342 2310 490 2362 amiserunt.
509 2304 926 2380 Fineannivulganturpredigia,

127 2381 314 2436 imminentium
325 2383 448 2437 malorum
457 2382 555 2437 nuntia.
591 2380 639 2435 Vis
651 2379 783 2452 fulgurum
797 2402 853 2438 non
866 2385 926 2440 alias

126 2454 245 2518 crebrior,
270 2460 296 2509 et
320 2457 391 2510 sidus
415 2463 534 2521 cometes,
560 2457 683 2528 sanguine
703 2457 802 2514 illustri
826 2478 928 2534 semper

103 2526 224 2582 2Neroni
245 2531 383 2597 expiatum.
419 2531 544 2602 Bicipites
562 2532 693 2587 hominum
710 2533 857 2594 aliorumve
877 2539 928 2594 aui·

19 2621 62 2648 ιι
124 2599 227 2653 malium
244 2609 333 2670 partus
350 2603 445 2673 abjecti
462 2607 490 2660 111
509 2607 648 2677 publicum,
667 2613 713 2664 aut
731 2610 761 2665 in
785 2614 927 2680 sacfificin,

127 2671 216 2736 auibus
227 2677 345 2743 gravidas
361 2678 459 2735 hostias
473 2681 605 2740 immolare
616 2704 673 2742 mos
686 2692 735 2755 est,
747 2691 857 2762 reperti.
895 2693 928 2748 Et
