1960 2952
131 102 164 148 24
470 100 592 148 TACITI
969 51 972 80 l

775 162 937 212 [suum.

131 209 163 264 ab
179 208 285 264 audacia
300 211 449 264 mutuatur:
468 226 521 264 non
536 211 686 280 praelectum
701 213 733 264 ab
751 211 790 276 iia,
810 212 859 265 sed
876 213 937 266 Ger-

130 286 258 340 manicum
282 285 380 350 ducem,
406 285 452 340 sed
475 286 606 341 Tiberium
630 287 812 356 imperatorem
835 288 936 342 violari.

108 362 213 418 ⁴lSimul
232 362 362 416 exterritis
383 362 429 432 qui
450 361 612 427 obstiterant,
635 366 738 432 raptum
758 363 886 417 vexillum
907 363 938 417 ad

130 438 345 568 ttmlsltt
358 437 938 570 ”lblblgllbffilffllllldffi

131 607 214 644 ausos.

87 667 123 722 39
167 667 270 721 interea
286 665 365 737 legati
382 683 414 721 ao
436 670 527 721 senatu
545 685 690 738 regressum
705 667 758 737 jam
777 667 848 736 apud
867 686 937 722 mam

108 742 258 798 2Ubi0rum
270 742 447 796 Germanicum
457 743 559 798 adeunt.
596 743 663 798 Duce
674 742 710 797 ibi
722 743 844 813 legiones,
855 742 940 812 prima
971 797 972 800 ,

131 823 208 889 atque
228 819 354 883 vicesima,
377 819 540 888 veteranique
563 837 645 889 nuper
666 819 738 873 missi
762 819 811 873 sub
833 817 941 879 vexillo,
971 847 972 850 =

109 894 284 954 alienabant.
320 894 429 948 Pavidos
442 898 469 948 et
481 895 636 949 conscientia
647 893 768 950 vecordes
785 895 868 948 intrat
885 912 938 948 rne-
970 899 972 962 l

131 973 293 1038 traiecisse
305 974 407 1042 patrum
417 971 493 1042 jussu
505 972 549 1041 qui
560 972 634 1026 irrita
644 971 757 1026 lacerent
770 989 828 1041 qnae
840 989 889 1041 per
901 989 938 1026 se·
970 965 972 1048 l

109 1048 252 1104 sditionem
263 1053 447 1119 expresserant.
483 1049 573 1120 thue
583 1067 637 1103 mos
646 1049 724 1120 vulgo
737 1049 854 1119 quamvis
864 1049 937 1103 salsis
971 1049 972 1110 l

131 1144 203 1180 reum
220 1125 335 1190 subdere,
349 1125 499 1180 Munatium
515 1125 639 1180 Plancum
656 1125 791 1180 consulatu
806 1125 937 1189 functum,
970 1115 972 1182 l

131 1203 270 1274 principem
291 1201 434 1272 legationis,
458 1205 588 1256 auctorem
609 1206 713 1267 senatus
733 1201 851 1256 consulti·
867 1202 938 1256 inca·
971 1221 972 1246 1

132 1283 205 1344 sant;
224 1281 251 1333 et
263 1281 338 1333 noete
350 1277 474 1333 concubia
484 1278 605 1332 vexillum
616 1279 644 1332 in
656 1277 731 1332 domo
744 1277 894 1332 Germanici
906 1277 938 1332 si·

131 1357 188 1409 turn
208 1355 324 1425 flagitare
342 1355 477 1425 occipiunt,
497 1373 673 1424 concursuque
691 1353 723 1408 ed
739 1354 846 1424 januam
868 1353 938 1409 lacto

131 1432 272 1486 moliuntur
286 1432 361 1497 fores,
375 1433 518 1488 extractum
532 1431 610 1488 cubili
622 1432 747 1486 Caesarem
762 1429 867 1486 tradere
880 1450 939 1487 vex-

110 1507 203 1565 billum
222 1509 322 1563 intento
342 1509 432 1563 mortis
455 1512 527 1562 metu
550 1507 681 1578 subigumt.
718 1507 784 1562 Mox
806 1507 870 1577 vagi
895 1526 940 1578 per
970 1515 972 1528 ⁴

132 1585 187 1638 vias
205 1584 292 1639 obvios
310 1584 420 1639 habuere
441 1585 547 1655 legatos,
568 1583 656 1638 audita
676 1583 887 1638 consternatione
909 1583 940 1638 ad

110 1661 311 1716 ollermanioum
327 1661 470 1715 tendentes.
507 1661 633 1731 Ingerunt
653 1659 828 1723 contumelias,
842 1660 939 1714 caedem

132 1741 231 1808 parant,
242 1737 336 1792 Planco
348 1737 463 1801 maxime,
475 1754 550 1806 quern
563 1735 674 1806 dignitas
686 1735 749 1806 suga
759 1735 938 1804 impediverat.

132 1814 225 1884 Neque
241 1813 309 1869 aliud
321 1813 475 1884 periclitanti
491 1812 633 1868 subsidium
651 1830 728 1882 quam
746 1815 833 1866 castra
850 1813 939 1882 prime

112 1890 247 1961 llegionis.
283 1891 341 1947 Illic
353 1891 426 1962 signa
437 1896 464 1945 et
476 1890 585 1961 aquilem
597 1889 728 1960 amplexus
741 1887 865 1958 religione
884 1907 939 1944 sese

121 1967 282 2031 ‘tutabatur3
301 1983 330 2021 ac
341 1966 369 2020 ni
381 1966 498 2038 aquilifer
510 1965 663 2036 Calpurnius
676 1965 727 2020 vim
739 1967 884 2019 extremam
903 1983 939 2020 ar-
971 2029 972 2032 Ἴ

134 2043 236 2108 ouisset,
244 2043 497 2112 (rarumetiaminter
506 2043 614 2112 hostes)
622 2043 723 2113 legatus
731 2039 938 2111 populiRomani
971 2071 972 2106 3

133 2120 257 2175 Romanis
278 2120 306 2174 in
329 2120 418 2175 eastris
440 2120 564 2188 sanguine
585 2137 632 2173 suo
657 2118 746 2172 altaria
769 2116 847 2172 deum
871 2135 938 2172 ccm-
971 2149 972 2152 =

113 2196 319 2254 Smaculavisset.
355 2196 427 2250 Luce
443 2195 552 2260 demum,
565 2198 702 2266 postquam
715 2193 768 2247 dux
784 2197 812 2247 et
824 2193 900 2248 miles
912 2198 937 2248 et

134 2273 203 2328 lacta
213 2273 392 2338 noscebantur,
405 2273 535 2344 ingressus
548 2275 633 2326 castra
649 2269 814 2325 Germanicia
831 2269 937 2340 perduci

135 2350 168 2405 ed
184 2369 212 2404 se
232 2351 355 2405 Plancum
375 2350 491 2420 imperet,
508 2349 655 2421 recepitque
671 2348 699 2402 in
715 2346 836 2402 tribunal
872 2347 935 2401 uum
971 2387 972 2392 η

135 2425 239 2479 fatalem
253 2423 386 2495 increpans
401 2425 504 2490 rabiem,
520 2443 603 2495 neque
618 2424 729 2478 militurn
745 2423 791 2478 sed
807 2421 886 2478 deum
901 2424 937 2478 ira

136 2517 278 2570 resurgere,
302 2518 348 2554 our
370 2500 487 2554 venerint
511 2500 590 2571 legati
613 2501 710 2571 aperit;
727 2499 770 2570 jus
793 2498 935 2570 legationis,

138 2578 216 2643 atque
227 2574 307 2644 ipsius
320 2574 408 2628 Planci
419 2593 520 2644 gravem
540 2579 567 2630 et
582 2575 740 2630 immeritum
755 2593 851 2642 casum,
863 2574 937 2630 simul

139 2653 260 2718 quantum
274 2648 404 2704 dedecoris
415 2649 505 2706 adierit
520 2650 594 2722 legio,
607 2651 716 2708 facunde
732 2651 884 2718 miseratum
903 2655 937 2708 at-
