1860 2956
134 125 182 174 288
470 115 589 166 TACITI

773 175 916 230 [aucun

132 234 207 300 viras,
220 236 251 288 ut
262 231 341 304 legati
351 229 518 301 praefectique
536 229 649 284 diversos
667 229 736 286 locos
748 231 838 301 pariter
852 228 916 281 inra-

109 311 229 370 tderent.
267 308 349 364 Simul
359 322 445 378 regem
458 305 614 362 Antiochum
629 311 718 362 monet
736 306 856 378 proximas
872 301 920 358 sibi

131 389 296 462 praefecturas
309 389 403 456 petere.
440 383 509 438 Nam
519 383 705 438 Pharasmanes
722 383 854 438 interiecto
870 379 920 434 lilio

131 466 299 526 Rhadamisto
315 464 387 536 quasi
402 461 539 534 proditore,
559 481 609 534 quo
627 462 703 518 fidem
719 463 746 516 in
757 480 804 516 nos
819 464 922 516 testare·

131 545 182 608 tur,
196 547 270 597 vetus
283 541 404 596 adversus
415 539 550 594 Armenios
562 539 649 593 odium
666 540 809 610 promptius
826 554 923 592 exerce·

107 617 183 678 4bat.
220 619 342 689 Tuncque
360 617 468 689 primum
486 615 565 670 illecti
581 615 693 680 Insochi,
706 634 769 686 gens
788 619 848 670 ante
865 613 921 668 alins

133 697 202 750 socia
212 695 344 761 Romania,
360 694 416 748 avia
433 693 561 748 Armeniae
577 693 726 748 incursavit.
762 693 807 747 Ita
823 689 922 747 consi&

132 772 240 827 Tiridati
251 772 278 826 in
295 771 450 826 corbanum
462 769 612 835 vertebant3
632 769 802 840 mittebatque
814 773 919 823 oratura

132 851 235 920 quisue
248 847 451 918 Parthorumque
467 846 568 900 nomine
580 846 784 917 expostularent,
798 865 845 902 cur
861 843 921 899 dsh's

132 944 214 997 nuper
237 924 367 980 obsidibus
386 923 610 994 redintegrataque
630 923 750 988 amicitie,
779 941 837 994 quse
856 919 919 976 norb

133 1020 233 1072 quoque
245 1000 372 1057 beneficiis
388 1001 472 1055 locum
490 999 607 1071 aperiret,
620 1003 707 1055 vetere
725 1001 855 1055 Armenie
870 1015 920 1070 pot·

109 1079 245 1133 cressione
259 1077 435 1148 depelleretur.
471 1075 535 1130 Ideo
552 1074 665 1130 nondum
683 1076 770 1146 ipsum
784 1076 919 1148 vologeses

132 1157 293 1218 commotum,
316 1153 376 1224 quia
399 1169 476 1208 causa
493 1169 569 1222 quam
586 1151 613 1205 vi
631 1169 707 1223 agere
731 1152 848 1208 mallent.
881 1150 920 1204 δί

131 1234 290 1300 perstaretur
314 1230 342 1285 in
365 1229 438 1296 bello,
462 1246 514 1283 non
537 1227 625 1282 defore
648 1229 783 1283 Arsacidis
809 1230 918 1284 vacuom

108 1315 122 1361 6
133 1306 309 1377 fortunamque
322 1306 413 1377 sapius
428 1305 481 1376 jam
493 1303 562 1358 clade
575 1303 692 1359 Romana
709 1310 852 1376 expertam
884 1299 920 1358 ll

132 1400 162 1436 ea
174 1382 292 1448 Corbulo,
303 1383 365 1437 satis
378 1385 507 1453 comperto
515 1380 662 1452 Vologesen
673 1379 824 1439 defectione
834 1383 919 1454 Hyrca

131 1459 180 1514 nia
192 1459 302 1525 attineri,
316 1458 405 1514 suadet
418 1457 525 1514 Tiridati
535 1456 653 1528 precibus
666 1457 800 1514 Gaesarem
812 1455 919 1531 aggredi.

131 1553 206 1607 posse
223 1535 260 1590 illi
275 1555 382 1607 regnum
400 1535 491 1590 stabile
507 1538 533 1589 et
552 1551 593 1588 rea
609 1533 759 1590 incruentas
773 1537 920 1607 confingas,

133 1613 155 1668 si
172 1613 266 1667 omissa
283 1631 328 1684 spe
345 1612 484 1683 longinqua
501 1614 528 1666 et
548 1627 605 1664 sera
621 1623 778 1681 presentem
795 1613 922 1684 podem

86 1697 123 1753 38
133 1709 183 1761 que
195 1693 352 1760 sequeretur.
371 1689 498 1743 Placitum
510 1687 609 1754 dehinc,
619 1687 678 1758 quia
689 1685 906 1745 commeantibus

132 1767 212 1822 vicem
224 1767 321 1822 nasutis
333 1766 396 1820 nihil
408 1766 436 1820 in
448 1783 546 1820 summa
563 1765 633 1835 pacis
650 1765 846 1836 proiciebatur,
864 1794 887 1815 rr

109 1844 192 1912 tquio
204 1844 317 1914 ipsorum
328 1846 430 1913 tempus
448 1841 581 1912 locumque
600 1839 729 1896 destinari.
770 1843 848 1900 Mille
869 1870 886 1891 ιι
898 1870 907 1887 1

132 1922 187 1974 turn
203 1918 347 1990 praesidium
358 1917 485 1972 Tiridates
503 1917 581 1972 affore
600 1917 648 1972 sibi
665 1917 788 1974 dicebat:
809 1939 838 1992 q=
851 1948 870 1967 2.
883 1944 921 1973 2

133 1995 270 2050 Corbuloni
299 1995 421 2066 cujusque
451 1993 551 2064 genem
576 1993 687 2048 militum
711 1995 859 2063 assisteret,
888 2036 889 2041 κ

132 2073 253 2137 statuere,
272 2071 332 2126 dum
350 2071 440 2142 positis
458 2069 542 2124 loricis
560 2073 587 2124 et
605 2069 684 2139 galeis
702 2070 730 2126 in
750 2072 848 2129 faeiem
872 2100 883 2121 ι·

108 2146 271 2204 tveniretur.
320 2147 468 2217 Cuicumque
492 2145 648 2214 mortalium,
670 2146 770 2203 nedum
795 2151 899 2206 reteri(

131 2221 237 2292 provido
256 2223 322 2289 duci,
335 2223 448 2278 barbara
466 2223 569 2278 astutia
586 2223 741 2295 patuissent,
755 2225 818 2282 ideo
842 2254 845 2273 ε
870 2256 904 2299 ν,

131 2296 190 2352 inde
202 2317 335 2354 numerum
347 2300 420 2364 finiri,
434 2303 461 2354 ct
478 2299 537 2354 binc
554 2301 676 2372 majorem
695 2301 791 2368 afferri,
811 2308 845 2359 ut
868 2330 885 2351 c

130 2377 277 2442 pararetur:
294 2393 352 2427 nam
362 2376 442 2445 equiti
453 2376 606 2447 sagittarum
614 2379 826 2435 usuexercitosi
841 2404 878 2431 w
906 2390 909 2393 ‘

131 2461 237 2515 corpora
260 2447 436 2517 objicerentur,
456 2452 521 2505 nihil
543 2453 704 2523 profuturam
727 2455 868 2512 multitn'

106 2519 297 2607 4Dissimulato
321 2527 406 2578 tumen
429 2526 569 2594 intellectu,
594 2531 690 2584 rectius
714 2529 749 2586 de
772 2532 808 2587 iis
829 2551 883 2605 qun

130 2595 259 2662 pubhcum
271 2599 465 2655 consulerentur
476 2603 540 2658 totis
558 2605 714 2661 exercitibus
734 2625 828 2664 coram
851 2636 887 2655 νἸ
908 2618 912 2647 s

107 2670 229 2724 itaturos
241 2673 378 2742 respoudit.
415 2676 565 2752 Locumque
577 2681 673 2755 delegit
685 2683 763 2756 eujus
780 2705 846 2758 pars
876 2728 878 2731 ·
904 2718 906 2729 τ
