2026 2992
44 225 149 276 m
253 165 451 214 iuniorum
470 167 512 216 iv
531 168 632 214 ss-ii.
767 219 769 224 ,
791 163 835 214 ιιι

43 275 114 332 livio
134 277 239 333 velut'
231 296 260 332 m
279 281 366 348 portes
386 278 488 332 domum
512 278 642 333 Generum
665 275 833 332 dunenses

31 353 78 406 'Sic
93 372 203 425 quoque
221 373 356 426 erumpere
373 355 557 410 emulationem
578 354 736 417 feminarum,
754 357 857 422 euqu'ct

42 427 162 485 discordia
187 435 269 501 nepot
270 450 298 486 es
322 449 382 486 euos
406 431 529 487 convelli:
560 429 665 502 quid'
644 449 667 486 si
686 428 834 485 intendatur

40 511 166 562 eudemon
186 508 235 562 tuli
254 508 393 578 conjugio?
413 508 544 563 “Falleris
563 508 638 572 euim,
655 507 753 578 Sejuue,
767 506 790 561 si
805 509 854 560 tos

38 599 187 639 mensurum
204 586 234 639 in
251 585 340 640 eodem
357 585 445 640 ordine
462 589 546 656 putes,
564 591 592 640 et
609 583 716 652 liviam,
733 601 788 654 quie
801 583 831 638 O.

36 659 136 726 Gusari,
150 680 216 716 mox
228 662 316 716 Druso
332 665 414 731 nupto
429 661 516 726 fuerit,
529 679 560 716 en
576 663 661 716 mente
678 663 790 715 subirem
802 662 832 713 ut

34 753 89 792 cum
101 740 197 810 equite
210 739 329 793 Romano
341 744 463 794 senescat.
499 739 557 810 Ego
568 741 599 792 ut
617 738 705 801 smum,
718 736 854 792 credisued

34 833 155 884 passuros
170 815 217 886 qui
229 815 335 870 fratrem
352 816 415 886 ejus,
429 815 473 886 qui
488 819 587 886 petrem
602 813 760 885 majoresque
775 830 832 867 nos-

33 895 93 956 tros,
107 893 137 945 in
154 892 265 946 summis
282 892 394 962 imperiis
405 891 511 946 videret
529 891 577 944 Vis
591 895 622 945 tu
635 889 737 960 quidem
753 889 854 950 istum?

32 967 103 1024 iutiu
117 969 209 1023 locum
228 969 333 1023 sistere:
353 967 398 1023 sed
416 967 454 1022 illi
471 967 636 1038 magistratus
654 971 681 1022 et
700 966 830 1037 primores,

32 1045 76 1114 qui
91 1049 121 1099 te
138 1045 226 1100 inuito
239 1047 407 1115 perrumpunt
424 1043 591 1114 omnibusque
607 1043 639 1098 de
655 1043 730 1098 rebus
743 1061 831 1099 cousu-

31 1120 96 1186 lant,
106 1121 252 1176 excessisse
260 1122 314 1191 jem
325 1121 422 1191 pridem
432 1125 551 1191 equestre
561 1120 693 1190 festigium
704 1120 829 1191 longeque

33 1198 131 1252 antisse
143 1197 228 1268 putris
244 1196 296 1252 mei
310 1197 433 1251 amicitias
449 1215 501 1252 non
519 1195 613 1251 occulti
629 1196 723 1261 ferunt,
735 1214 831 1268 perque

32 1274 158 1328 invidiam
169 1273 211 1328 tui
222 1291 264 1328 me
282 1289 382 1344 quoque
397 1273 523 1327 incusant.
559 1273 596 1326 At
612 1273 679 1327 euim
695 1274 830 1345 Augustus

33 1351 111 1404 filium
123 1367 200 1405 susm
212 1349 293 1420 equiti
304 1349 421 1404 Romarm
432 1349 534 1405 medere
545 1348 683 1404 meditatus
695 1352 743 1404 est.
779 1349 853 1404 iii-s

33 1445 89 1480 rum
111 1425 237 1493 Hercule
258 1426 281 1480 si
304 1444 361 1480 cum
382 1426 409 1480 in
430 1443 517 1480 omnes
541 1443 614 1480 curres
638 1425 829 1490 distraheretur,

33 1503 239 1574 immensumque
252 1502 335 1557 auelli
346 1502 491 1572 provideret
503 1519 578 1572 quem
590 1502 768 1572 conjunctione
784 1501 831 1556 tali

33 1597 111 1650 super
135 1580 200 1634 alios
224 1578 366 1644 extulisset,
389 1578 418 1632 O.
431 1578 593 1633 Proculeium
613 1583 640 1632 et
660 1578 781 1650 quosdnm
803 1577 831 1632 in

34 1655 197 1711 sermonibus
207 1655 307 1721 babuit,
319 1654 414 1726 insigni
424 1654 609 1724 tranquillitate
620 1653 687 1719 vitu,
700 1653 777 1708 nullis
792 1652 830 1706 rei

33 1732 143 1802 publice.
153 1732 265 1803 negotiis
277 1731 424 1802 permixtos.
456 1730 507 1785 Sed
519 1731 541 1785 si
550 1729 708 1785 dubitatione
716 1728 852 1799 Augusti9

33 1825 173 1878 movemur,
196 1811 293 1879 quanto
313 1807 420 1862 validius
441 1810 481 1862 est
501 1806 570 1877 quod
589 1805 680 1860 Murco
699 1805 827 1875 Agrippoe,

33 1902 93 1938 mox
103 1885 177 1952 mibi,
189 1884 344 1939 collocavit?
361 1885 448 1954 Atque
460 1900 509 1954 ego
520 1883 575 1937 hieo
591 1899 638 1952 pro
655 1880 767 1934 amicitis
777 1897 829 1935 non
839 1887 868 1933 1⁰

31 1961 173 2016 oceidtcri:
186 1971 302 2016 ceterum
310 1961 393 2031 neqide
403 1960 456 2014 tuis
468 1977 551 2030 neque
558 1958 639 2013 Iiivire
646 1957 779 2013 destinetis
786 1957 828 2012 nd·

31 2037 161 2094 versabor.
198 2037 260 2108 lpse
273 2036 335 2108 quid
345 2037 415 2091 intre
426 2036 537 2092 animum
548 2034 722 2100 volutaverim,
736 2034 827 2105 quibus
838 2041 866 2088 ll

32 2113 115 2169 adhuc
126 2112 360 2169 necessitudinibus
375 2112 517 2167 immiscere
528 2115 555 2165 te
570 2109 633 2165 mibi
649 2127 742 2180 parem,
755 2111 828 2166 omit

31 2194 83 2244 tam
96 2190 130 2244 ud
141 2207 257 2262 presens
269 2189 372 2244 referre.
408 2188 442 2243 Id
453 2190 555 2242 tuntum
567 2187 684 2258 operiam,
697 2187 760 2242 nibil
772 2195 868 2243 esselt

32 2270 83 2321 tum
92 2267 224 2322 excelsum
237 2265 306 2337 quod
317 2264 484 2319 ncnuirtutes
496 2263 553 2318 istae
564 2266 677 2334 tuusque
685 2262 713 2317 in
724 2281 765 2319 me
777 2265 829 2319 eui·

32 2359 86 2398 mus
104 2346 272 2408 mereantur3
291 2340 424 2442 dotequet
425 2357 527 2411 empore
538 2338 578 2394 vel
595 2340 623 2394 in
638 2343 710 2394 senet
711 2357 729 2394 u
698 2340 786 2396 trel
800 2341 828 2395 in

33 2421 151 2476 concione
163 2435 219 2474 neu
230 2417 369 2474 reticebo.’'
404 2417 520 2472 Rursum
532 2415 647 2487 Sejanus,
660 2433 712 2470 nou
710 2416 779 2504 inm
796 2416 828 2472 de
836 2415 872 2469 41
886 2455 889 2464 .

33 2496 201 2561 matrimonio,
227 2493 274 2550 scd
298 2493 374 2548 ultius
397 2497 522 2556 metuens,
543 2492 624 2548 tacite
646 2491 847 2561 suspicionum,

32 2567 97 2645 vulgi
114 2589 259 2636 minorem,
275 2571 437 2640 ingruentem
452 2568 572 2623 invidiam
588 2567 747 2637 deprecetur
788 2567 852 2620 Act

33 2665 60 2704 ue
71 2648 212 2705 assiduos
203 2666 233 2702 in
244 2647 410 2700 domumt
360 2649 410 2700 coet
410 2663 442 2699 us
454 2643 562 2698 eruendo
573 2643 724 2711 infringeret
740 2639 829 2710 poten·

36 2726 98 2793 tiam,
108 2729 158 2781 unt
170 2721 328 2794 receptando
340 2721 488 2776 facultutem
496 2717 688 2775 criminantibus
697 2715 829 2785 preberet.
