1860 2956
102 123 150 169 810
439 123 558 173 TACITI

729 186 768 235 [a.
778 185 808 224 n.
816 186 840 224 c.
851 185 896 225 ιιι

99 249 176 302 saque
194 232 222 286 in
238 249 325 288 omnes
342 232 460 289 libidines
477 235 575 300 effudit,
594 253 657 305 quas
680 235 746 288 male
771 235 896 288 coercitus

56 307 281 379 14qualiscunque
299 310 389 364 matris
406 312 549 366 reverentis
565 311 718 365 tardaverat.
755 311 843 364 Vetus
860 309 899 364 illi

99 383 193 454 †copia
209 385 344 454 (capidul)
358 391 414 441 erat
430 388 555 442 curriculo
568 387 749 458 quadrigarum
767 387 896 450 insistere,

98 477 145 514 nec
156 461 239 514 miuus
252 461 348 516 foedum
364 463 478 518 studium
492 464 589 518 cithara
604 463 730 517 ludicrum
746 461 777 515 iu
793 461 899 516 modum

99 553 198 600 canere,
211 553 270 590 oum
282 542 408 605 oaensret3
428 539 496 609 quod
507 540 606 609 regium
618 546 645 592 et
661 537 775 608 antiquis
790 537 898 592 ducibus

98 611 246 666 factitatum
258 614 422 680 memorabat,
435 615 511 685 idque
523 621 612 669 vatum
622 614 740 669 laudibus
757 614 861 669 celebre
872 617 898 668 et

77 687 204 742 zdeomm
222 689 312 743 honori
330 690 426 744 datum.
462 691 599 746 Enimvero
617 694 707 744 cantus
725 689 844 760 Apollini
861 708 899 744 sa-

100 782 164 830 cros,
181 764 277 834 talique
296 770 389 820 ornatu
407 771 491 821 astare
508 785 560 820 nou
577 765 652 820 modo
671 766 767 819 Grauis
785 766 815 818 in
832 764 898 820 urbi-

98 839 156 907 bus,
174 840 220 894 sed
241 841 357 895 Romana
374 842 442 912 apud
459 843 562 913 templa,
580 860 674 896 numen
691 841 855 911 precipuum
873 845 898 895 et
928 899 929 902 Ἴ

78 917 242 985 apraescium.
285 917 342 971 Neo
364 918 418 987 jam
441 919 499 972 sisti
522 921 630 988 poterat,
655 935 714 971 cum
738 917 848 971 Sencoes
871 933 898 970 ac

100 991 184 1046 Burro
193 993 283 1057 visum,
294 1011 327 1047 ne
335 997 444 1063 utraque
452 994 618 1064 pervinceret,
630 993 737 1047 alterum
750 992 897 1047 concedere.

101 1067 272 1138 Clausumque
279 1069 343 1123 valle
356 1069 478 1124 Vaticana
486 1070 597 1140 spatium
605 1069 690 1138 inquo
698 1086 780 1138 equos
790 1072 897 1140 regeret,

78 1142 169 1196 suaud
185 1145 311 1213 promisco
329 1145 482 1215 spectaculo.
518 1145 583 1198 Mox
600 1144 668 1198 ultro
684 1145 775 1199 vocari
790 1145 899 1216 populus

101 1219 241 1287 Romanus,
256 1219 423 1290 laudibusque
440 1221 567 1285 extollere,
586 1225 616 1274 ut
633 1223 672 1274 est
684 1219 782 1290 vulgus
795 1221 900 1292 cupiens

79 1295 261 1365 bvoluptatum
279 1303 313 1362 et,
331 1297 354 1351 si
370 1296 459 1352 eodem
474 1297 591 1367 princeps
606 1296 701 1360 trahat,
714 1295 816 1350 laetum
856 1297 901 1350 Co

100 1376 185 1426 terum
197 1372 331 1443 evulgatus
343 1373 425 1443 pudor
436 1391 488 1427 non
499 1374 652 1437 satietatem,
664 1376 695 1426 ut
707 1371 845 1438 rebantur,
858 1371 900 1426 sed

100 1448 293 1502 incitamentum
310 1449 414 1503 attulit:
433 1453 555 1518 ratusque
571 1448 679 1502 dedecus
693 1448 799 1514 molliri,
813 1449 900 1520 sipla-

101 1542 142 1578 res
160 1523 288 1590 loedrisset,
309 1524 432 1578 nobilium
455 1524 607 1578 familiarum
630 1528 757 1594 posteros,
784 1529 900 1596 egestate

101 1599 209 1665 venales,
228 1600 256 1654 in
272 1618 374 1655 scenam
391 1599 512 1669 deduxit;
532 1618 595 1670 quos
613 1600 667 1654 fato
690 1600 848 1670 perfunctos
870 1617 900 1654 ue

101 1677 250 1731 nominatim
262 1676 368 1742 tradam,
386 1676 524 1747 majoribus
542 1695 629 1731 corum
641 1676 812 1731 tribuendum
831 1681 900 1748 puto.

79 1753 169 1808 6Nam
194 1757 221 1808 et
244 1753 300 1823 ejus
324 1753 449 1824 flagitium
473 1757 521 1818 est,
541 1753 586 1823 qui
602 1753 736 1822 pecuniam
756 1753 792 1808 cb
811 1754 901 1808 delicta
928 1791 929 1794 =

101 1831 187 1900 potius
211 1829 281 1884 dedit
305 1847 381 1900 quam
403 1848 436 1884 ne
460 1829 642 1900 delinquerent.
685 1828 776 1883 Notos
802 1845 900 1901 quoque

102 1907 201 1976 equites
214 1907 343 1962 Romanos
355 1923 445 1976 operas
457 1923 539 1959 mense
550 1904 699 1974 promittere
707 1903 821 1976 subegit
833 1905 899 1960 donis

101 1985 256 2056 ingentibus,
275 1985 326 2038 nisi
344 1983 411 2055 quod
429 2001 525 2038 merces
543 1982 575 2037 ab
593 1999 623 2037 eo
641 1982 685 2052 qui
702 1981 802 2052 jubere
821 1985 899 2054 potest

59 2063 93 2114 15
102 2061 154 2115 vim
164 2061 325 2115 necessitatis
343 2060 424 2114 affert.
461 2059 504 2114 Ne
521 2061 607 2113 tamen
618 2057 701 2112 adhuc
712 2059 825 2126 publico
836 2060 899 2115 ther·

102 2142 143 2192 tro
155 2136 372 2204 dehonestaretur,
387 2135 500 2190 instituit
514 2134 588 2190 ludos
594 2135 754 2204 juvenatium
772 2135 898 2198 vocabulo,

80 2215 129 2268 2in
147 2231 211 2284 quos
227 2213 322 2284 passim
337 2212 440 2266 uomina
457 2211 524 2266 data
560 2210 622 2264 Non
638 2208 764 2265 nobilitas
777 2214 899 2283 cuiquam.

101 2308 153 2345 non
176 2293 239 2343 oetas
263 2292 307 2343 aut
331 2289 383 2343 aeti
405 2288 514 2342 honores
534 2285 722 2356 impedimento,
746 2289 899 2358 quominus

102 2364 184 2416 Graeci
195 2363 314 2416 Latinive
322 2364 453 2417 histrionis
466 2367 546 2417 artem
554 2365 701 2416 exercerent
709 2381 800 2434 usque
810 2364 900 2434 auga
928 2399 929 2402 =

78 2441 143 2489 atus
151 2437 289 2504 modosque
300 2437 369 2491 haud
379 2437 473 2491 viriles.
501 2437 573 2496 Quin
584 2441 611 2491 et
622 2437 723 2490 femina
734 2438 854 2494 illustras
865 2437 899 2492 de·

99 2509 190 2560 formis
206 2509 338 2573 meditem
357 2515 526 2582 subactaque
544 2512 612 2583 apud
623 2529 722 2576 nemus,
738 2515 815 2584 quod
825 2511 901 2569 nsvsli

99 2585 191 2647 stagno
215 2583 396 2650 circumposuit
419 2587 564 2656 Augustus,
589 2587 775 2644 conventicula
799 2595 829 2646 et
851 2607 901 2644 cau·

98 2667 178 2716 ponas,
191 2656 218 2705 et
229 2654 313 2722 posita
321 2672 385 2709 veno
394 2658 554 2716 irritarnanta
562 2662 649 2718 luxui:
667 2662 855 2738 dabanturque
863 2663 903 2720 sti·
