1936 2968
243 99 438 148 undenum
455 99 510 148 XV.
530 101 632 148 lo-la.
780 101 828 146 84³

20 165 226 272 iisssiierum
238 209 271 264 ad
282 209 452 265 Corbulonem
464 209 589 279 precibus,
602 208 702 264 reniret
713 224 828 278 propere,

21 293 94 365 signa
118 294 153 344 et
172 285 269 357 aquilas
284 291 311 342 et
326 304 420 341 nomen
435 285 560 355 reliquum
578 283 686 339 infelicis
702 283 829 339 exercitus

21 371 169 426 tueretur:
189 381 218 418 se
229 363 304 416 fidem
321 362 431 427 interim,
450 361 529 417 donec
546 360 600 416 vita
618 359 773 430 suppeditet,
792 379 830 414 re·

21 451 160 504 tenturos.
197 440 394 506 Illeinterritus,
403 444 430 495 et
439 445 512 511 parte
520 439 649 510 copiamm
657 437 724 509 apud
733 439 830 510 Syriam
843 438 877 490 12

21 525 117 580 relicta
135 522 172 574 ut
189 518 348 573 munimenta
366 516 493 588 Euphrati
512 515 633 587 imposita
650 517 829 580 retinerentur,

22 619 70 671 qua
84 596 243 669 proximum
260 599 287 648 et
304 593 484 649 commeatibus
501 609 553 646 non
569 609 686 662 egenum,
701 592 831 662 regionem

22 676 239 742 Commagenam,
262 670 321 724 exin
343 668 535 740 Cappadociam,
556 667 615 723 inde
636 668 770 722 Armenios
789 686 830 738 pe-

22 753 95 808 tivit.
137 746 334 801 Gomitabantur
346 746 494 812 exercitum,
505 749 597 816 praeter
610 744 659 799 alia
670 750 744 799 sueta
755 743 828 809 bello,
840 753 854 797 2

22 843 125 898 magna
139 823 179 876 vis
192 822 344 877 camelorum
356 827 448 877 onusta
460 821 589 886 frumenti,
600 824 630 876 ut
643 819 718 874 simul
729 820 830 875 hostem

21 904 179 968 lumemqne
202 896 364 968 depelleret·
383 897 499 952 Primum
523 916 538 953 e
561 897 686 968 perculsis
709 897 853 952 Paccium3

22 975 156 1050 primipili
164 974 337 1029 centurionem
346 973 449 1028 obvium
460 973 559 1038 babuit,
571 972 629 1027 dein
641 973 774 1043 plerosque
784 973 829 1028 mi-

21 1055 127 1118 litum;
148 1068 218 1122 quos,
232 1050 343 1105 diversas
361 1050 429 1122 iugae
447 1068 536 1106 causas
554 1048 730 1113 obtendentes,
747 1048 829 1103 redire

23 1133 59 1189 ad
74 1132 156 1202 signa
167 1132 194 1183 et
206 1127 364 1183 clementiam
376 1128 442 1182 Paeti
457 1127 566 1198 experiri
582 1126 718 1182 monebat:
737 1143 764 1180 se
780 1126 830 1180 nisi

22 1206 176 1264 victoribus
197 1204 321 1259 immitem
341 1223 404 1258 esse.
442 1204 523 1259 Simul
543 1222 603 1259 suas
620 1203 733 1274 legiones
752 1201 854 1268 adires

21 1283 141 1348 hortari,
160 1281 274 1353 priorum
291 1280 432 1346 admonere,
451 1298 543 1334 novam
561 1279 667 1352 gloriam
687 1278 828 1335 ostendere.

23 1365 95 1420 Non
109 1361 179 1416 vicos
192 1364 236 1415 aut
248 1358 342 1430 oppida
352 1360 540 1424 Armeniorum,
554 1358 599 1414 sed
611 1363 696 1414 castra
713 1357 831 1412 Romana

23 1441 152 1509 duasque
166 1437 194 1492 in
205 1437 236 1492 iis
248 1436 368 1508 legiones,
381 1437 491 1508 pretium
509 1435 602 1491 laboris
621 1435 681 1507 peti.
720 1435 747 1490 Si
763 1435 829 1506 sing·
840 1448 862 1492 5.

23 1522 84 1577 ulis
103 1517 304 1589 manipularibus
322 1517 449 1589 proecipua
466 1518 561 1572 servati
572 1517 635 1572 civis
647 1534 740 1572 corona
751 1516 830 1587 impe-

24 1597 132 1654 ratoria
143 1613 221 1649 manu
232 1594 396 1659 tribueretur,
410 1593 478 1664 quod
494 1593 596 1649 illudet
608 1597 732 1665 quantum
744 1592 830 1660 decus,

25 1673 77 1729 ubi
89 1691 138 1744 par
150 1689 370 1731 eorumnumerus
383 1672 547 1741 apisceretur,
556 1665 600 1742 qui
610 1671 757 1726 attulissent
767 1669 831 1724 saln-

24 1755 86 1806 tem
100 1757 129 1803 et
141 1748 186 1818 qui
198 1747 370 1818 accepissent!
396 1747 447 1802 His
465 1751 541 1817 atque
554 1746 647 1802 talibus
659 1747 687 1801 in
699 1760 853 1806 communes

27 1827 140 1890 nane,
149 1826 187 1893 (et
194 1828 266 1879 erant
275 1833 338 1894 quos
346 1823 457 1894 pericula
464 1825 573 1878 fratrum
581 1829 625 1879 aut
633 1823 832 1895 propinquorum

27 1901 144 1975 propriis
163 1900 272 1955 stimulis
290 1899 472 1968 incenderent)
486 1901 633 1955 continuum
647 1900 692 1954 diu
703 1903 831 1971 noctuque

28 1980 83 2035 iter
98 1976 279 2048 properabant.
309 1977 398 2048 quue
417 1977 541 2032 intentius
559 1977 700 2049 Vologeses
716 1996 831 2048 premere
841 1985 876 2036 13

29 2055 162 2118 obsessos,
175 2053 250 2107 modo
271 2052 366 2107 vallum
384 2052 521 2124 legionum,
534 2053 610 2109 modo
627 2053 831 2125 castellumque

29 2129 143 2187 imbellis
156 2133 218 2184 aetas
230 2128 422 2194 defendebatur,
433 2147 586 2201 appugnare,
595 2130 699 2201 propius
712 2130 831 2186 incedens

31 2225 112 2279 quarn
119 2224 174 2262 mos
182 2205 293 2271 Parthis,
304 2206 327 2259 si
334 2224 364 2260 ea
371 2203 515 2262 temeritate
523 2207 657 2261 bostemin
666 2207 780 2278 prelium
788 2208 831 2263 eli·

31 2294 113 2348 oeret.
150 2291 187 2344 At
200 2288 237 2344 illi
248 2289 292 2344 vix
304 2289 476 2345 contuberniis
489 2291 605 2356 extracti,
616 2309 664 2346 nec
675 2290 744 2346 aliud
756 2308 854 2361 quam2

31 2367 195 2423 munimenta
218 2365 422 2437 propugnabant,
447 2385 505 2437 pars
527 2367 603 2438 jussu
626 2366 706 2433 ducis,
732 2371 759 2422 et
788 2367 832 2421 alii

31 2443 139 2515 propria
149 2441 258 2513 ignavia
271 2445 302 2496 ut
315 2441 485 2497 Corbulonem
501 2444 669 2514 opperientes,
683 2462 713 2499 ac
730 2443 769 2498 vis
787 2441 831 2512 †si

32 2520 177 2591 ingrueret,
191 2517 298 2588 provisis
310 2518 431 2588 exemplis
445 2518 536 2574 Caunii
547 2526 574 2575 et
586 2519 741 2574 Numantiae.
778 2517 853 2580 Nea

33 2615 85 2667 que
97 2593 205 2650 eandem
216 2594 268 2648 vim
284 2594 440 2650 Samnitibus
456 2595 547 2650 Italico
563 2595 657 2665 populo
675 2599 720 2646 aut
737 2593 831 2657 Poenis,

33 2670 149 2728 Romani
160 2669 260 2740 inperii
273 2668 378 2726 romulis.
414 2669 533 2724 Validam
545 2685 645 2738 quoque
661 2670 687 2720 et
701 2665 853 2720 laudatams
