1936 2968
183 141 378 190 ANNALIUM
398 141 467 190 XIV.
484 142 587 190 29-82
733 139 782 190 81⁹

30 211 31 214 =
54 198 106 240 nei.

23 195 75 322 blei
88 203 202 322 mincipia
222 251 388 306 habebantur.
425 251 484 309 Qua
499 250 658 314 contumelia,
674 251 700 302 et
712 251 807 302 metue

21 324 145 392 murrum,
161 327 263 398 qnando
277 327 305 382 in
320 327 427 382 formam
442 326 576 397 provincie
592 329 727 389 cesserant,
746 342 783 378 ra-

20 397 81 466 piunt
92 420 169 469 arna;
192 404 324 459 commotis
339 402 372 456 ad
387 401 574 457 rebellationem
588 401 784 456 'lbinobantibus

17 473 44 540 {tl
55 476 90 544 qui
101 478 144 543 alii,
157 479 269 534 nondum
287 478 392 534 servitio
405 478 488 541 fracti,
501 495 626 532 resumere
640 476 784 530 libertatem

17 549 105 606 Foeeultis
116 555 325 625 conjurationibus
341 554 498 624 pepigerant,
516 553 636 606 acerrimo
650 552 677 606 iu
688 557 783 607 vetera-

17 635 57 678 nos
72 627 127 682 odio.
161 630 262 700 Quippe
285 630 312 683 in
331 629 452 684 coloniam
476 627 676 682 Camulodunum
697 640 807 684 recenso

25 693 104 756 ledncfi
121 705 243 774 pellebant
271 704 394 768 domibus,
419 703 587 759 exturbabant
611 703 685 772 agris,
707 704 784 772 capti·

17 787 63 838 uos,
83 796 159 834 servos
179 780 333 851 appellando,
356 779 501 834 fouentibus
521 779 694 848 impotentiam
718 784 785 832 vete-

17 851 117 908 ³1²u0rum
139 855 259 910 militibus
288 854 452 910 similitudine
475 854 534 908 rita
554 859 581 908 et
605 871 649 924 spe
672 852 784 923 ejusdem

17 919 116 982 {licentia
150 931 191 986 Ad
207 932 256 986 hoc
275 930 399 1002 templum
416 929 474 984 divo
495 928 601 983 Claudio
619 929 809 988 constitutume

17 1001 79 1068 §runi
97 1022 141 1058 arx
161 1011 260 1062 aeternae
281 1006 457 1060 dominationis
478 1005 660 1075 aspiciebatur:
686 1005 785 1060 delecti-

17 1079 200 1154 3quesocerdotes
212 1082 295 1153 specie
307 1081 435 1152 religionis
451 1099 538 1135 omnes
550 1081 665 1134 fortunas
677 1081 786 1135 effunde·

17 1147 75 1216 :bert
96 1159 149 1214 Nec
160 1161 266 1216 arduom
277 1160 410 1216 videbatur
421 1159 566 1214 exscindere
578 1160 699 1214 coloniam
712 1159 786 1214 nullis
796 1175 810 1222 7

17 1221 164 1314 iuummenlis
177 1242 297 1308 saeptam3
316 1236 382 1306 qnod
398 1236 504 1291 ducibus
520 1235 614 1290 nostris
631 1253 719 1306 parum
732 1253 786 1306 pro

17 1316 87 1384 pnsum
102 1316 159 1376 erat,
173 1311 231 1366 dum
244 1313 383 1368 amaenitati
394 1312 464 1381 prius
483 1329 558 1380 quam
570 1311 628 1365 usui
639 1311 785 1365 consulitur.

17 1375 80 1436 *luter
98 1404 156 1456 qua,
176 1389 244 1442 nulla
264 1388 344 1458 palam
369 1406 452 1454 causa,
473 1386 602 1457 delapsum
621 1386 787 1440 Camuloduni
797 1388 834 1442 ³2

17 1453 159 1534 judaerum
167 1465 288 1520 Victoria
304 1483 333 1519 ac
345 1467 413 1519 retro
428 1482 583 1528 conversum,
604 1463 676 1533 quasi
693 1463 788 1516 cederit

17 1525 134 1592 zbetbm:
152 1544 177 1593 et
188 1540 289 1594 feminae
300 1540 328 1593 in
339 1542 449 1594 furorem
462 1539 571 1594 turbata
583 1539 671 1594 adesse
683 1539 787 1593 exitium

17 1609 131 1667 tenebant.
165 1617 342 1685 Externosque
359 1615 475 1670 fremitus
491 1616 518 1669 in
534 1617 604 1670 curia
621 1633 706 1668 eorum
720 1612 811 1672 audi-2

17 1681 65 1750 itu
81 1692 234 1746 consonuisse
245 1690 382 1746 ululatibus
394 1691 529 1756 theatmm,
539 1691 667 1760 visamque
680 1689 786 1761 speciem

17 1769 43 1810 m
55 1765 161 1818 astuado
178 1766 290 1822 Tamesae
307 1767 433 1822 subversa
446 1767 549 1823 colonie
556 1790 564 1834 ;
586 1768 638 1837 jam
659 1768 788 1822 Oceanum

17 1846 109 1896 {mento
122 1851 231 1916 aspectu,
249 1848 376 1904 dilabente
390 1853 455 1904 aestu
470 1849 636 1904 bumanorum
656 1866 789 1918 corporum

17 1911 99 1985 gtffigies
116 1921 219 1988 relictas,
241 1928 271 1978 ut
289 1925 407 1979 Britanni
425 1925 457 1978 ad
475 1942 552 1996 spem,
570 1925 608 1978 ita
627 1925 739 1978 veterani
757 1923 789 1978 ad

18 1993 101 2076 luctum
113 1997 251 2053 trahebant.
289 2000 339 2054 Sed
358 2001 417 2071 quia
435 2000 523 2070 procul
539 1999 675 2055 Suetonius
694 1999 812 2066 uberate

18 2067 116 2132 petusre
137 2090 152 2126 a
171 2074 236 2128 Cato
257 2075 370 2130 Deciano
393 2079 555 2146 procuratore
576 2075 704 2129 auxilium.
742 2075 789 2129 Ille

17 2135 76 2196 baud
91 2148 191 2217 amplius
207 2169 282 2220 quam
300 2151 423 2206 ducentos
440 2151 494 2205 sine
509 2151 586 2221 justis
608 2151 684 2204 armis
702 2151 788 2215 misit3

18 2217 121 2300 eliserat
131 2225 226 2281 modica
233 2227 343 2280 militum
354 2245 451 2296 manus.
486 2227 578 2281 Tutela
588 2227 676 2297 templi
687 2227 754 2290 freti,
763 2230 814 2282 etl

17 2295 194 2362 impedientibus
216 2303 260 2373 qui
283 2303 383 2367 occulti,
405 2303 546 2357 rebellionis
567 2303 666 2366 conscii,
687 2302 790 2356 consilia

17 2365 233 2456 turbabanturque
245 2379 340 2432 fossam
352 2383 396 2432 aut
408 2379 501 2432 vallum
512 2377 697 2448 preduxerunt,
707 2395 789 2445 neque

17 2445 83 2498 motis
102 2451 197 2507 senibus
215 2457 242 2508 et
259 2453 360 2507 feminis
375 2455 497 2523 juventus
519 2453 572 2506 sola
589 2452 698 2506 restitit:
718 2451 789 2516 quasi

17 2519 90 2603 media
102 2541 158 2592 pace
174 2529 277 2592 incauti,
296 2527 459 2582 multitudiue
475 2526 638 2582 barbarorum
656 2523 789 2603 circumve-

17 2598 118 2653 niuntur.
150 2602 185 2658 Et
197 2608 283 2658 cetera
294 2601 395 2672 quidem
410 2602 507 2671 impetu
523 2600 622 2666 direpta
633 2597 677 2646 aut
689 2603 790 2667 incensa
797 2615 812 2656 5

18 2673 83 2726 unt:
101 2676 225 2748 templum,
247 2681 275 2734 in
296 2695 346 2748 quo
367 2695 395 2732 ae
410 2677 481 2730 miles
496 2655 789 2742 conglobaveret‚b1d11⁰
