1936 2968
25 194 79 234 w.
89 196 132 244 6³¹]
217 134 412 185 ANNALIUM
430 137 485 186 XV.
504 139 607 187 25-29.
760 137 805 186 uel

25 244 102 298 llulte
114 245 234 300 Romanis
252 247 369 312 seeundo,
390 249 502 319 quedam
514 249 618 304 Parthis
630 247 751 311 evenisse,
763 245 831 301 dou

24 330 134 378 eumento
149 325 269 379 adversus
282 326 432 397 snperbiam.
469 326 579 382 Proinde
591 331 618 381 et
630 325 738 380 (liriduti
749 343 809 380 oon-

24 398 107 455 dnoere
129 402 252 456 intectum
271 403 455 459 vastationibus
476 421 583 474 regnum
602 402 669 457 dono
687 402 808 472 nooipere,

24 483 47 528 et
60 477 203 549 Vologesen
219 477 310 532 melius
334 480 456 534 sooietate
475 480 591 534 Romano
612 497 688 549 quum
711 477 809 532 domnis

24 555 111 608 motuis
128 556 199 626 genti
213 555 366 609 Parthorum
383 557 567 611 oonsnlturum.
604 556 674 610 Scire
687 560 831 626 quantumu

24 628 85 684 intus
108 631 296 697 disoordiarum,
319 651 443 704 quemque
463 633 599 688 indomitus
617 637 644 687 et
660 631 809 703 praeferoces

24 707 130 763 nationes
160 713 268 779 regeret.
317 708 413 764 Contra
436 709 584 780 imperatori
607 727 654 764 suo
677 709 808 764 immotum

24 781 108 854 ubique
120 803 207 856 paoem
226 788 252 839 et
267 803 346 839 unum
357 785 384 840 id
400 786 494 841 bellum
507 804 572 841 esse.
611 785 692 840 Simul
704 786 831 840 oonsili04

23 865 137 915 terrorem
149 860 264 931 adjieere‚
278 865 305 917 et
321 863 476 933 megistanas
493 861 636 926 Armenios,
649 863 693 932 qui
707 863 782 932 primi
794 880 810 916 u

23 935 88 990 nobis
100 937 252 1000 defecerant,
266 937 337 1007 pellit
349 937 451 993 sedibus
463 961 470 1004 ;
489 938 593 994 castello
610 956 698 992 eornm
710 939 809 993 exscin-

24 1009 71 1077 dit;
88 1013 170 1084 plana,
181 1012 257 1077 edita,
270 1013 365 1068 rafidos
380 1014 561 1085 invalidosque,
581 1015 636 1084 peri
654 1019 725 1068 metu
740 1033 809 1069 oom-

23 1087 77 1156 plet.
112 1091 175 1145 Non
192 1089 326 1154 infensum,
345 1109 393 1145 neo
413 1109 471 1145 eum
495 1090 582 1145 hostili
603 1091 661 1145 odio
685 1091 853 1149 Corbulo-28

23 1165 57 1218 nis
73 1185 166 1222 nomen
186 1166 262 1220 etium
281 1165 394 1222 barbaris
412 1167 561 1235 habebatur,
574 1185 654 1238 eoque
675 1168 809 1222 eonsilium

23 1241 71 1311 ejus
90 1243 171 1298 fidum
192 1242 334 1298 eredebant.
380 1244 450 1315 Ergo
470 1244 611 1316 Vologeses
628 1261 712 1314 neque
735 1247 809 1298 atrox

23 1317 191 1384 insummum,
212 1324 239 1373 et
258 1319 407 1390 quibusdem
425 1321 583 1391 praefeoturis
601 1321 714 1376 inducias
733 1322 807 1392 petit.

24 1393 141 1452 liridntes
153 1397 238 1451 locum
245 1395 361 1467 diemque
370 1396 495 1467 colloquio
504 1398 594 1468 posuit.
628 1398 739 1468 Tempus
751 1411 831 1468 pro-2

25 1471 147 1543 pinqnnm,
168 1473 246 1539 loeus,
265 1473 360 1544 inquo
381 1491 462 1545 nuper
480 1474 590 1530 obsessae
611 1492 669 1530 oum
690 1475 762 1530 Paeto
774 1475 809 1530 le

24 1548 104 1617 giones
127 1554 209 1614 erunt,
229 1567 288 1605 eum
307 1549 420 1605 barbaris
442 1551 556 1606 delectus
576 1557 644 1608 esset
664 1552 696 1607 ob
717 1569 809 1606 memo

23 1624 79 1680 riam
94 1626 200 1682 letioris
217 1625 265 1680 sibi
277 1627 320 1692 rei,
335 1626 447 1682 Corbulo
461 1646 513 1682 non
530 1629 629 1693 vitavit,
642 1636 673 1682 ut
685 1628 808 1682 dissimili-

23 1701 79 1757 tudo
98 1704 211 1758 fortunae
231 1702 336 1773 gloriam
358 1712 471 1774 ungeret.
508 1704 601 1775 Neque
620 1705 724 1759 infamia
743 1704 832 1759 Petis

23 1779 176 1849 ngebatun
199 1778 268 1849 qnod
285 1797 315 1834 eo
331 1781 440 1835 monime
456 1782 550 1852 putuit,
562 1782 622 1852 quia
633 1782 684 1836 filio
696 1782 752 1852 ejus
764 1783 810 1836 tri·

23 1851 84 1910 buno
108 1856 204 1911 ducere
220 1855 363 1927 manipnlos
381 1861 457 1928 etque
479 1859 579 1928 operire
598 1859 717 1930 reliquias
738 1859 809 1914 mslae

22 1948 107 2003 pugne
127 1932 273 2004 imperavit.
309 1933 359 1988 Die
382 1938 458 2004 poeta
474 1935 590 1990 'liberius
609 1934 760 1999 Alexander,
782 1935 833 1989 il-4

21 2006 103 2065 lustris
112 2028 192 2081 eques
200 2009 340 2077 Romanus,
348 2010 465 2076 minister
473 2009 539 2066 bello
552 2012 635 2078 dutus,
646 2016 673 2068 et
685 2011 810 2066 Viniunns

22 2084 122 2155 Annius,
136 2103 216 2158 gener
234 2085 394 2152 Corbulonis,
407 2086 519 2141 nondum
532 2088 658 2144 senatorio
674 2092 749 2144 aetote
766 2090 811 2143 sed

21 2177 63 2230 pro
74 2163 161 2236 legato
177 2162 273 2233 quinte
288 2163 383 2235 legioni
400 2163 542 2233 impositus,
555 2165 583 2219 in
594 2170 678 2220 eastre
691 2165 811 2220 Tiridatis

21 2254 113 2306 venere,
133 2240 231 2294 honore
249 2239 311 2310 ejus,
330 2257 360 2294 eo
376 2259 410 2295 ne
427 2243 553 2295 metueret
571 2240 675 2296 insidias
692 2242 738 2297 toli
756 2243 812 2314 pig-

21 2331 84 2371 nore.
119 2315 216 2370 Vioeni
232 2315 322 2371 dehine
339 2317 437 2387 equites
455 2317 586 2388 assumpti.
622 2318 658 2373 Et
676 2319 731 2373 uso
749 2319 835 2376 Cor-5

21 2389 108 2449 bulone
119 2411 168 2448 rex
179 2394 249 2463 prior
260 2410 325 2463 equo
342 2393 460 2459 desiluit;
478 2412 526 2449 neo
544 2399 680 2449 cunctatus
692 2394 810 2458 Corbulo,

21 2469 63 2524 sed
78 2470 159 2542 pedes
172 2472 282 2540 uterque
297 2468 413 2524 dexteras
431 2470 563 2526 miscuere.
600 2472 669 2526 Exin
680 2471 812 2526 Romanus
820 2474 857 2526 29

20 2543 103 2601 lendat
118 2547 241 2618 juvenem
262 2546 361 2600 omissis
381 2546 553 2616 praeoipitibus
569 2550 628 2601 tnta
647 2551 674 2601 et
691 2545 813 2600 salutaris

21 2627 203 2693 oepessentem.
227 2621 454 2677 Illedenobilitate
462 2620 835 2693 generismnltumpraefatus‚2

21 2705 101 2755 oeteru
108 2701 284 2770 temperanter
292 2698 425 2769 adjungit:
444 2699 539 2752 iturum
550 2697 642 2766 quippe
653 2695 767 2755 Romam,
778 2691 812 2744 le·

927 2796 944 2838 r
960 2767 963 2838 l
