1936 2968
151 169 200 216 828
489 165 610 216 TACITI

785 229 823 279 [a
833 230 862 270 o.
870 229 891 270 c
901 230 948 270 ara

129 276 288 332 tlioentiam.
324 275 375 330 His
396 279 473 348 atque
497 277 591 332 talibus
614 277 737 346 recitatis,
758 281 785 332 et
810 280 949 334 offensione

152 350 295 416 manifesta,
316 368 366 406 non
383 351 441 406 ideo
457 357 503 407 ant
518 353 634 408 consulas
651 357 784 408 mutavere
799 355 948 410 relationem

152 431 197 482 aut
221 427 333 482 Thrasea
356 426 466 483 decessit
490 429 625 497 sententia,
648 429 759 484 ceterive
779 447 839 499 quse
859 430 947 501 proba-

152 506 241 558 verant
253 503 389 558 deseruere
401 524 409 569 ;
426 523 494 576 pars,
505 523 538 560 ne
550 505 691 576 principem
707 505 833 576 objecisse
848 506 947 561 invidia

151 578 306 644 viderentur,
327 580 414 650 pluras
437 599 543 636 numero
563 581 623 644 tuti,
643 581 756 636 ‘l'hrosea
777 585 856 636 sueta
875 582 946 637 lirni-

152 655 241 710 tudine
253 655 331 710 animi
343 661 370 710 et
381 674 414 711 ne
426 657 508 728 gloria
518 656 689 712 intercideret.

107 732 145 788 50
187 731 268 788 Haud
281 731 376 802 dispari
393 733 498 788 crimine
512 733 643 788 Fabricius
658 733 769 786 Veiento
785 733 945 790 conflictatus

151 811 200 873 est,
211 807 280 878 quod
291 807 372 863 mults
383 812 410 863 et
422 809 580 879 probrosain
590 812 676 879 patres
686 812 713 862 et
724 809 872 864 sacerdotes
883 827 946 865 oon-
963 813 965 846 ἒ

151 883 279 954 posuisset
291 884 322 939 iis
341 883 419 949 libris,
433 884 526 955 quibus
537 902 630 939 nomen
644 885 819 938 codicillorum
836 885 944 940 dederat

129 958 295 1030 2Adjiciebat
313 959 399 1014 Tullus
418 961 541 1015 Geminus
563 965 695 1015 accusator
713 959 848 1015 venditata
867 961 898 1016 ab
916 975 944 1016 eo

150 1053 256 1090 munera
267 1035 388 1106 principis
400 1040 428 1090 et
439 1035 656 1108 adipiscendorum
666 1035 790 1090 honorum
797 1036 850 1107 jus.
884 1037 945 1104 Qun
963 1063 965 1088 =1

151 1128 229 1166 causa
251 1112 350 1166 Neroni
372 1111 423 1166 fuit
450 1111 605 1183 suscipiendi
625 1111 723 1182 judicii,
751 1113 945 1184 convictumque

151 1185 321 1242 Veientonem
339 1188 416 1242 Italia
433 1187 538 1259 depulit,
557 1192 585 1242 et
602 1187 681 1243 libros
699 1187 771 1242 exuri
787 1188 878 1259 jussit,
890 1207 944 1244 oon-

151 1264 259 1332 quisitos
271 1263 458 1336 lectitatosque,
471 1264 552 1319 donec
570 1282 629 1319 cum
644 1263 757 1334 periculo
775 1265 942 1334 parabantur:

151 1355 212 1393 mox
223 1339 326 1394 licentia
337 1340 447 1395 habendi
458 1340 610 1396 oblivionem
622 1339 723 1394 attunt

107 1423 142 1476 51
188 1415 239 1470 Sed
257 1417 465 1487 gravescentibus
489 1417 518 1471 in
539 1416 593 1472 dies
612 1415 721 1486 publicis
740 1416 815 1471 malis
834 1416 943 1473 subsidia

152 1492 338 1558 minuebantru,
352 1493 527 1564 concessitque
546 1493 600 1548 vita
615 1492 723 1559 erus,
740 1493 871 1548 incertum
883 1493 942 1548 valo

130 1567 242 1624 studius
254 1587 287 1623 an
298 1586 403 1624 veneno.
437 1568 566 1624 Valetndo
578 1586 610 1623 ex
622 1586 652 1623 eo
664 1567 867 1638 conjectabatur,
880 1567 942 1640 quod

152 1645 180 1699 in
192 1663 219 1701 se
231 1645 431 1701 tumescentibus
439 1645 562 1716 paulatim
569 1643 686 1700 lancibus
693 1649 721 1698 et
727 1643 853 1714 impedito
861 1647 942 1700 meatu

130 1722 271 1792 sspiritum
290 1721 401 1779 meus.
437 1721 528 1777 rinc
544 1721 620 1792 jussu
637 1720 756 1788 namna,
776 1721 853 1792 quasi
870 1737 941 1776 eme
962 1709 965 1780 l

152 1797 222 1853 dum
232 1797 403 1868 adhiberetur,
410 1797 503 1853 illitum
512 1797 625 1870 palatum
632 1797 689 1868 ejus
696 1796 773 1851 noxio
780 1796 942 1852 medicamino

152 1874 338 1941 asseverabant,
363 1878 391 1930 et
413 1874 527 1930 Burrum
550 1873 681 1929 intellecto
704 1872 807 1938 scelere,
832 1891 894 1929 oum
913 1869 941 1926 sd

152 1950 285 2006 visendum
303 1969 362 2006 eum
379 1951 496 2022 princeps
513 1950 632 2014 venisset,
648 1953 782 2021 aspectum
799 1949 859 2020 ejus
879 1967 939 2004 aver·

152 2031 237 2082 saturn
253 2027 393 2084 sciscitanti
409 2027 532 2083 hactenus
550 2025 719 2096 respondisse,
734 2031 806 2097 “ego
822 2045 868 2082 me
884 2026 938 2082 baur

130 2103 257 2159 thebeo.’'
295 2103 401 2160 Civitati
421 2104 516 2176 grande
536 2103 690 2158 desiderium
710 2103 766 2174 ejus
787 2104 884 2158 mansit
901 2117 938 2174 pu

151 2181 297 2236 memoriam
308 2181 412 2236 umutis
430 2184 457 2236 et
474 2198 648 2236 successorum
666 2179 771 2234 alterins
788 2197 896 2250 segnem
908 2179 936 2232 in·

151 2257 301 2322 nocentiam,
323 2257 429 2312 alterius
449 2255 645 2329 flagrantissima
665 2255 763 2327 flagitia
787 2251 936 2326 [adulteria]

130 2332 255 2401 oQuippe
277 2333 362 2388 Caesar
380 2333 444 2389 duos
462 2332 587 2404 pretoriis
604 2332 752 2388 cohortibus
770 2332 935 2402 imposueram

150 2405 264 2460 Fenium
277 2406 376 2462 Rufum
387 2427 421 2462 ex
432 2409 503 2480 vulgi
514 2409 608 2473 lavore,
617 2409 678 2479 quia
685 2426 740 2463 rem
752 2407 935 2463 frumentaria!

151 2479 206 2533 sine
225 2483 326 2548 quaestu
344 2482 479 2548 tractabat,
500 2484 633 2538 Solonium
648 2483 815 2555 'ligellinum
833 2489 935 2538 vetarer

128 2551 332 2620 timpudioitiam
344 2559 422 2624 atque
433 2558 564 2612 infamiam
575 2559 604 2613 in
615 2577 646 2614 eo
658 2563 771 2614 secutus.
808 2561 897 2630 Atque
905 2553 935 2612 ili

149 2641 195 2690 pro
208 2626 318 2694 cognitis
329 2629 442 2684 moribus
454 2632 533 2697 tinere,
547 2634 654 2690 validior
666 2635 809 2706 Tigellinus
820 2635 848 2690 in
863 2635 935 2689 muno

18 2747 49 2760 ι
146 2696 268 2766 principis
291 2701 318 2754 et
341 2700 439 2758 intimis
462 2705 610 2765 libidinibus
641 2715 797 2783 assumptus,
822 2723 934 2782 pmflpffl
