1960 2952
151 115 184 194 so
492 143 613 196 uncmr

789 206 825 257 [n
835 206 863 246 u.
874 207 896 246 c.
905 207 948 250 ro.

150 261 317 335 dedignantes
329 266 356 320 et
367 265 429 337 ipse,
447 266 563 324 diversus
574 282 590 320 a
601 262 725 336 majorum
741 262 878 329 institutis,
891 282 948 318 raro

150 343 253 406 venatu,
270 341 343 412 segni
358 360 482 414 equorum
497 360 573 409 eure;
592 341 710 412 quotiens
726 358 772 411 per
788 339 867 394 urbes
883 341 949 396 inea-

151 415 231 485 deret,
248 416 345 475 lactina
360 422 510 493 gestamine,
525 421 646 490 fastuque
661 435 723 489 erga
738 417 835 489 patrias
852 418 949 488 epulas.

128 493 328 550 obsidebantur
343 501 370 552 et
386 498 469 554 Groeei
485 497 598 562 oomites,
616 513 646 550 ae
661 494 785 550 vilissima
799 495 950 550 utensilimn

152 569 245 625 annulo
269 571 361 628 clausa.
405 574 456 630 Sed
483 571 595 646 prompti
618 571 711 636 aditus,
738 569 813 626 obvia
835 572 952 637 oomitns,

152 646 249 718 ignota
266 647 369 705 Parthis
386 651 504 716 virtutes,
522 667 589 705 nova
606 648 688 715 vitia3
713 650 740 702 et
758 647 818 718 quia
836 647 952 718 ipsorum
977 703 978 706 ,

128 724 266 782 timoribus
278 725 366 797 aliena,
378 728 482 799 perinde
498 727 585 784 odium
601 726 687 797 pravis
699 729 726 780 ot
740 725 865 780 honestis.
901 726 953 798 Igi-

152 805 197 856 tur
214 801 361 859 Artabanus
383 805 562 861 Arsacidarum
587 822 601 860 e
625 802 748 874 sanguine
772 801 840 873 apud
864 802 953 858 Dabis

153 877 257 934 adultus
269 881 375 946 exuitur,
388 882 519 953 primoque
532 897 671 952 oongressu
686 879 759 934 fimus
771 884 875 951 reparat
887 880 953 936 vires

132 965 283 1026 magnoque
300 957 406 1026 potitur.
442 958 521 1014 Victo
537 957 640 1013 Vononi
663 956 809 1028 perfugium
831 957 954 1012 Armenia

154 1031 213 1097 fnit,
238 1049 318 1088 vaona
346 1037 416 1100 tune,
443 1034 561 1105 interque
590 1033 744 1088 Parthorum
768 1035 794 1087 et
822 1032 974 1104 Itomanes

155 1125 216 1178 opos
237 1108 315 1164 infida
334 1110 367 1165 ob
388 1110 471 1167 aeolus
491 1109 605 1175 Antonii,
624 1109 669 1180 qui
686 1107 849 1164 Artavasden
868 1129 954 1182 regem

155 1184 335 1241 Armeniorum
346 1187 430 1258 speeie
441 1187 558 1243 amicitior
569 1186 690 1252 illectum,
703 1185 764 1241 dein
779 1187 881 1242 eatenis
897 1204 954 1242 one

134 1265 248 1328 aratum,
272 1267 401 1332 pestremo
424 1264 596 1320 interfeeerat.
639 1263 704 1336 Ejus
728 1262 796 1318 filim
819 1264 954 1330 Artaxias,

155 1338 277 1394 memoria
296 1343 377 1411 patris
397 1340 470 1396 nobis
491 1341 614 1405 infernus,
632 1338 814 1395 Arsacidarum
830 1340 861 1394 vi
879 1357 955 1412 seque

134 1427 315 1488 stagnumque
337 1420 439 1473 tutatus
463 1421 511 1474 est.
551 1417 643 1473 Ooeiso
666 1415 775 1471 maxia
797 1434 846 1488 per
871 1416 957 1472 dolum

156 1491 363 1564 propinquorum,
377 1493 452 1550 datus
469 1513 486 1549 a
503 1493 604 1550 Oasare
620 1493 748 1548 Armeniis
764 1492 902 1564 Tigranes,
918 1494 957 1550 de

135 1569 300 1642 tdnetusque
311 1571 340 1626 in
354 1590 462 1643 ragnum
477 1590 494 1627 s
508 1571 610 1627 Tiberio
626 1571 739 1626 Nerone.
775 1571 834 1626 Nee
851 1570 957 1643 Tigrani

157 1645 306 1702 diuturnum
317 1647 452 1719 imperium
469 1648 520 1703 fuit
532 1665 618 1719 neque
633 1647 796 1719 liberbsjns,
809 1665 958 1720 quanquam

157 1722 259 1779 sociatis
289 1741 359 1779 more
387 1727 493 1782 exterra
515 1725 544 1780 in
566 1724 757 1784 matrimonium
786 1741 956 1796 regnumque

132 1799 226 1863 4Dein
239 1799 315 1872 jussu
331 1802 444 1872 Augusti
460 1800 594 1872 impositus
609 1800 771 1866 Marasdu,
783 1804 813 1858 et
830 1819 887 1856 non
906 1803 958 1857 sine

157 1875 228 1932 olade
248 1879 337 1932 nostra
360 1876 481 1948 dejectus.
524 1877 591 1932 Tum
614 1877 644 1932 G.
664 1875 750 1934 Casas
772 1878 959 1948 cumponenda

135 1953 285 2008 ²Armenia
301 1953 430 2026 deligitur.
465 1951 494 2010 Is
512 1953 708 2021 Ariobarzanen,
724 1953 823 2026 origine
839 1955 958 2019 Modum,

159 2027 192 2082 ob
212 2028 338 2102 insignem
359 2031 471 2103 eorporis
494 2031 602 2086 formam
625 2033 653 2086 et
670 2029 822 2101 rimabamur!
844 2032 959 2086 animum

138 2103 303 2167 avolantibus
317 2108 445 2164 Armeniis
460 2107 582 2178 praieeit
618 2107 790 2168 Ariobarw
805 2112 896 2163 morte
914 2110 959 2162 for·

158 2180 227 2237 tuita
238 2181 380 2256 absumpto,
393 2184 536 2255 stirpem
514 2202 570 2255 ejus
585 2183 655 2238 baud
669 2183 827 2250 tolerarem
847 2187 960 2240 tentato·

159 2275 210 2329 qne
232 2258 365 2316 iemmae'
356 2261 470 2332 rmperio,
492 2259 534 2316 oui
557 2277 650 2315 nomen
669 2251 758 2326 Erato,
780 2273 868 2332 esque
890 2259 962 2320 besu

159 2334 240 2404 pulsa
261 2336 354 2392 inuenti
376 2336 504 2408 solutique
525 2339 552 2392 et
572 2335 655 2408 magis
676 2336 732 2392 sino
755 2335 865 2396 domino
892 2364 924 2385 ι

161 2409 190 2464 in
205 2409 331 2475 libertate,
347 2413 485 2485 profugum
501 2411 658 2468 Vononen
650 2429 678 2467 ln
693 2421 799 2484 regnum
824 2438 872 2463 :w
869 2413 958 2461 ,m

139 2484 214 2541 48οά
230 2484 275 2540 ubi
291 2486 403 2542 minitari
418 2489 571 2555 Artabanus,
589 2491 616 2544 et
633 2507 721 2560 parum
740 2487 879 2546 subsidii'
870 2509 901 2546 m
917 2491 963 2547 As·

162 2559 260 2625 meniis,
277 2561 362 2626 veL'
342 2580 364 2617 sn
379 2566 505 2620 nostra'
482 2584 507 2620 ιι
523 2531 670 2622 defenderet
658 2569 709 2632 t,ur
725 2565 820 2622 beilum
838 2567 961 2624 adm!

162 2635 273 2691 Parthos
285 2638 434 2694 sumendum
449 2645 512 2706 erat,
525 2646 609 2698 reetor
626 2643 705 2714 Syriis
721 2643 842 2698 Cretieus
860 2643 960 2699 Silam

165 2711 277 2768 axeitum
300 2713 416 2769 custodia
438 2716 585 2780 oironrndat
565 2722 726 2774 trrraneste
748 2719 811 2774 luxu
836 2721 868 2775 et
892 2733 960 2789 regn
