1960 2952
123 157 154 204 tn
459 153 580 202 ruem

750 215 786 264 [u.
797 213 828 254 u.
838 215 863 254 c.
878 214 924 256 rae

122 266 266 331 continuus,
290 267 336 320 aaut
358 265 470 321 modicas
494 266 590 321 insudas
618 264 829 328 circumveniens,
855 263 927 335 apud

121 343 274 416 principium
290 342 346 414 egri
363 342 457 398 Batavi
474 343 588 398 velutin
606 341 670 397 duos
688 359 774 396 amnes
786 339 926 406 dividitur,

122 424 258 490 servatque
269 437 363 474 nomen
374 423 401 474 et
413 419 560 474 violentiam
571 437 670 484 cursus,
687 435 737 488 quc
756 417 928 472 Germaniam

39 563 40 568 ἵ
121 497 284 568 prevehitur,
302 495 382 552 donec
401 497 503 552 Oceano
522 496 675 551 misceatur:
694 493 726 550 ad
744 493 874 550 Gallicum
892 495 929 550 ri-

121 591 181 645 pam
201 573 277 628 latior
300 577 327 628 et
351 573 472 645 placidior
495 572 626 638 adfluens3
650 589 725 627 verso
749 576 928 642 cognomento

125 653 242 705 Vahalem
265 650 356 706 accolue
380 650 484 716 diennt;
508 667 570 704 mox
592 649 620 704 id
643 665 743 720 quoque
767 648 929 704 vocabulum

122 731 207 782 mutet-
225 728 302 782 Mosa
318 727 430 793 flumine,
443 727 550 798 ejusque
566 727 689 782 immenso
706 743 750 780 ore
767 725 883 780 eundem
900 726 930 782 in

98 806 254 862 70ceanum
265 804 412 860 effunditur.
439 804 490 859 Sed
502 805 595 869 Cesar,
609 802 670 858 dum
682 802 824 873 rediguntur
836 820 929 870 naves,

124 881 213 936 Silium
237 881 351 950 legatum
374 899 433 936 cum
457 880 575 952 expedita
598 898 677 934 manu
699 878 874 949 irruptionem
900 880 930 936 in

123 958 231 1012 Chattos
249 958 332 1013 fecere
348 957 437 1029 jubet:
456 958 511 1028 ipse
527 957 615 1012 audito
626 955 759 1012 castellum
770 955 868 1028 Lupiae
880 957 930 1014 du·

100 1035 185 1089 2mini
196 1035 341 1106 appositum
352 1035 470 1100 obsideri,
483 1054 529 1090 sex
539 1034 652 1105 legiones
665 1051 695 1088 eo
707 1033 789 1088 duxit
829 1033 930 1105 Neque

123 1112 184 1166 Silio
198 1112 231 1166 ob
248 1111 346 1166 subitos
362 1112 455 1167 imbres
473 1111 542 1166 aliud
555 1115 641 1166 actum
659 1128 734 1181 quarn
746 1112 777 1164 ut
792 1111 930 1169 modicam

121 1188 238 1260 praedam·
250 1192 277 1243 et
292 1188 357 1260 hrpi
374 1189 495 1260 principis
508 1189 661 1243 Chattorum
677 1186 815 1258 conjugem
834 1188 930 1244 liliam-

123 1284 172 1336 que
189 1269 306 1336 rcperet;
325 1284 407 1336 neque
424 1265 521 1320 Caesari
541 1265 639 1336 copiam
659 1281 752 1335 pugne
771 1261 929 1322 obsessores

99 1342 211 1407 timere,
229 1341 262 1396 ad
277 1341 370 1396 famem
386 1341 510 1397 adventus
528 1341 584 1412 ejus
596 1340 694 1410 dilapsi
730 1339 875 1396 Tumulum
889 1347 930 1397 ta·

100 1437 180 1550 4Ἐοιι
188 1417 394 1550 nupetpgalriipnis
405 1417 683 1550 legionffidffictum
692 1420 847 1548 etpeterem
854 1436 931 1476 mam

148 1513 208 1550 rum
220 1514 243 1549 s1
344 1513 467 1566 jeceran.
557 1514 568 1550 1
607 1508 708 1559 taram,
739 1511 870 1566 ononqne
882 1515 931 1565 pa·

121 1571 169 1628 tris
184 1572 302 1642 princeps
313 1571 369 1643 ipse
381 1589 439 1627 curn
452 1571 594 1642 legionibus
610 1570 771 1626 decucurrit:
789 1573 931 1630 tumulum

98 1649 215 1705 &iterare
230 1648 300 1703 haud
316 1649 407 1704 visum
443 1649 479 1703 m
495 1651 588 1704 cuncte
603 1648 671 1703 inter
686 1646 823 1702 castellum
839 1650 931 1706 Aliso-

121 1745 179 1782 nem
192 1744 222 1780 ac
234 1727 354 1781 Rhenum
365 1725 438 1781 noris
450 1725 574 1781 limitibus
587 1725 774 1796 aggeribusque
789 1729 932 1796 permuni-

98 1803 157 1858 sua.
184 1803 293 1874 Jamque
305 1802 392 1858 classis
404 1801 547 1867 adveheret,
556 1821 622 1867 cum,
633 1801 763 1873 premisso
775 1808 933 1861 commenta

122 1885 149 1934 et
161 1879 305 1935 distributis
317 1880 345 1934 in
355 1879 468 1950 legiones
485 1898 515 1934 ac
529 1880 613 1934 socios
629 1879 744 1944 navibus,
763 1878 866 1934 fossam
886 1883 933 1938 cui

122 1958 256 2012 Macae
276 1974 368 2012 nomen
388 1956 527 2027 ingressus,
548 1959 718 2027 precatusque
740 1955 863 2011 Drusum
874 1977 933 2030 pc,

121 2037 195 2098 trem,
214 2036 246 2088 nt
263 2051 293 2088 se
311 2032 400 2088 eadem
416 2051 507 2087 ausum
522 2032 603 2088 libens
621 2033 787 2104 placatusque
803 2037 934 2107 exemplo

122 2127 152 2166 ee
172 2111 294 2168 memoria
314 2109 477 2166 consiliorum
498 2114 575 2182 etque
595 2127 702 2180 operum
717 2110 830 2179 juraret,
851 2111 933 2170 lacus

120 2186 180 2243 inde
201 2191 228 2242 et
246 2188 377 2242 Oceanum
395 2205 477 2258 usque
495 2187 528 2242 ad
547 2187 671 2242 Amisiam
691 2187 787 2240 flumen
807 2189 934 2245 secunda

98 2265 283 2336 unevigstione
301 2264 456 2335 pervehitur.
494 2263 590 2319 Classis
613 2263 715 2322 Amisiae
736 2263 837 2328 relicte
858 2265 933 2323 Imm

122 2359 212 2407 amne3
232 2344 395 2411 erratumque
415 2341 443 2396 in
461 2359 492 2396 eo
511 2341 580 2412 quod
597 2359 649 2396 non
663 2340 789 2396 subvexit.
829 2342 934 2400 rm„

121 2417 208 2484 posuit
220 2416 327 2469 militem
339 2416 442 2470 dextras
453 2418 481 2470 in
492 2421 575 2472 terres
587 2417 700 2472 iturum:
718 2417 756 2486 ita
764 2416 857 2488 plures
871 2421 934 2478 dic·

101 2489 259 2544 cefficiendis
283 2490 404 2556 pontibus
428 2492 564 2562 absumpti.
600 2494 636 2548 Et
660 2511 738 2563 eques
762 2494 876 2564 quidem
903 2515 935 2554 ac

123 2561 236 2628 legiones
247 2563 330 2629 prima
345 2566 470 2630 actuaria,
484 2569 595 2624 nondum
612 2569 775 2625 adcrescente
792 2572 880 2639 unda,
895 2576 936 2632 in·

123 2634 218 2702 trepidi
229 2635 369 2689 transiere:
387 2644 546 2706 postremum
558 2645 711 2701 auxiliorum
729 2665 833 2718 agmem
847 2651 937 2708 Bata.

123 2704 200 2772 vique
212 2706 240 2760 in
251 2711 323 2774 perte
335 2726 373 2774 ee,
386 2711 447 2766 dum
459 2715 585 2774 insultant
601 2723 674 2792 equis
694 2727 831 2796 artemque
848 2729 939 2786 mi
