1936 2968
25 247 82 288 m
92 250 138 300 m
245 189 441 238 ANNALIUM
458 191 528 240 xvi.
541 191 612 239 2-6.
768 190 816 241 879

25 297 167 370 plausuque
191 301 338 370 composito.
379 301 502 356 Crederes
526 300 625 366 laetari;
655 316 685 355 ae
708 299 816 356 fortusse
831 308 834 321 '

24 373 178 431 laetabantur
198 393 244 446 per
264 375 387 430 incuriam
404 376 499 448 publici
516 377 614 448 flagitii.
652 375 703 431 Sed
720 377 764 448 qui
779 387 844 440 re·5

24 453 99 506 motis
113 471 129 507 e
146 451 289 522 municipiis
307 470 470 526 severamque
486 453 569 508 adhuc
583 456 610 507 et
628 453 727 524 antiqui
740 453 817 508 moris

24 529 165 583 retinentes
185 527 293 595 Italiam,
315 528 408 600 quique
432 547 478 600 per
501 528 652 600 longinquas
675 529 817 600 provincias

23 603 129 658 lascivia
139 604 267 674 inexperti
278 603 359 658 officio
370 604 526 676 legationum
538 606 583 659 aut
594 604 694 675 privata
705 605 817 660 utilitate

23 679 187 746 advenerant,
199 697 282 750 neque
294 683 426 750 aspectum
436 681 509 736 illum
521 681 630 736 tolerare
641 697 724 751 neque
736 680 817 737 labori

22 755 159 811 inhonesto
179 755 312 820 sufficerc;
331 773 389 810 cum
409 756 526 811 manibus
547 756 639 811 nesciis
660 756 817 824 fatiscerent,

22 832 159 888 turbarent
179 849 279 902 gnaros,
301 849 335 886 ac
350 849 417 902 saepe
436 849 452 886 a
472 832 595 888 militibus
614 832 817 902 verberarentur,

22 909 66 978 qni
81 926 130 979 per
148 924 243 962 cuneos
260 907 369 972 stabant,
387 917 419 963 n'e
436 908 504 978 quod
520 909 643 980 temporis
659 913 816 964 momentum

21 983 113 1054 impari
125 983 235 1040 clamore
247 986 292 1037 aut
304 983 404 1039 silentio
417 985 490 1055 segni
507 985 655 1054 preteriret.
692 985 841 1040 Constititt

21 1059 159 1132 plerosque
183 1058 304 1130 equitum,
325 1058 386 1114 dum
404 1077 450 1130 per
469 1061 599 1132 angustias
621 1061 705 1116 aditus
728 1065 755 1116 et
778 1062 817 1115 in-

20 1140 159 1208 gruentem
178 1134 367 1190 multitudinem
390 1137 530 1201 enituntur,
553 1136 671 1201 obtritos,
693 1140 720 1190 et
744 1137 815 1201 alios,

21 1211 81 1267 dum
98 1211 169 1268 diem
184 1214 335 1283 noctemque
353 1211 474 1267 sedilibus
491 1212 649 1278 continuant,
667 1212 755 1267 morbo
773 1231 816 1267 ex·

19 1287 113 1346 itiabili
137 1291 276 1359 correptos.
316 1289 419 1359 Quippe
442 1289 544 1360 gravior
566 1289 649 1344 inerat
674 1291 767 1355 metus,
793 1289 840 1346 sit

20 1365 170 1436 spectaculo
182 1364 322 1420 defuissent
333 1364 421 1420 multis
433 1365 515 1436 palum
526 1369 554 1420 et
565 1365 680 1438 pluribus
699 1366 814 1433 occultis,

19 1445 49 1498 ut
61 1441 307 1506 nominaacvultus,
316 1441 471 1496 alacritatem
480 1441 660 1514 tristitiamque
670 1444 815 1498 coeuntium

19 1521 207 1574 scrutarentm.
244 1515 320 1572 Unde
337 1517 496 1573 tennioribus
515 1519 603 1573 statim
620 1519 733 1589 irrogata
754 1527 841 1589 sapt

18 1595 104 1666 plicia,
126 1592 261 1649 adversum
278 1593 390 1648 illustres
409 1592 597 1650 dissimulatum
613 1594 645 1648 ad
663 1612 774 1664 praescus
789 1597 815 1648 et

18 1689 78 1726 mox
92 1668 224 1726 redditum
236 1668 330 1725 odium.
366 1669 543 1741 Ferebentque
555 1669 748 1742 Vespasianum,
761 1673 839 1724 tan-t

18 1766 97 1818 quam
119 1763 210 1801 somno
230 1745 384 1809 conniveret,
405 1746 532 1802 aPhoebo
547 1746 639 1802 liberto
655 1746 815 1817 increpitum,

17 1841 141 1896 aegreque
153 1821 285 1876 meliorum
297 1820 414 1893 precibus
427 1821 565 1888 obtectum,
575 1840 634 1878 mox
643 1822 816 1878 imminentem

17 1901 160 1970 perniciem
172 1897 267 1968 majore
279 1898 333 1952 fato
346 1897 473 1968 effugisse.

52 1976 122 2030 Post
147 1973 222 2028 finem
245 1973 336 2029 ludicri
354 1973 466 2043 Poppaea
485 1976 593 2028 mortem
612 1973 683 2039 obiit,
708 1973 843 2037 fortuitae

16 2051 106 2106 mariti
122 2048 260 2114 iracundia,
280 2066 357 2118 aquo
374 2049 478 2120 gravida
493 2049 548 2104 ictu
564 2050 639 2105 calcis
657 2049 749 2105 afflicta
766 2053 813 2105 est.

16 2127 115 2198 Neque
143 2124 211 2179 enim
237 2141 363 2179 venenum
392 2124 547 2193 crediderim,
573 2127 687 2196 quamvis
713 2125 815 2196 quidam

16 2203 160 2274 scriptores
177 2199 287 2266 tradant,
306 2200 365 2255 odio
382 2201 463 2271 magis
487 2219 563 2272 quam
581 2220 613 2255 ex
630 2201 695 2256 fide:
721 2201 814 2274 quippe

15 2279 160 2335 liberorum
172 2277 275 2347 cupiens
287 2279 314 2331 et
327 2276 406 2330 amori
417 2277 504 2330 uxoris
516 2276 641 2332 obnoxius
653 2282 715 2332 erat.
753 2278 840 2333 (tor-r

14 2373 67 2427 pus
86 2371 141 2408 non
158 2352 212 2423 igni
228 2351 357 2417 abolitum,
376 2355 406 2406 ut
423 2352 555 2408 Romanus
572 2371 644 2419 mos;
664 2353 708 2408 sed
725 2371 815 2422 regum

15 2435 187 2486 externorum
204 2427 387 2483 consuetudine
403 2427 531 2484 differtum
548 2429 668 2484 odoribus
688 2428 813 2493 conditur,

14 2506 173 2575 tumuloque
190 2503 316 2558 Juliurum
333 2503 451 2560 infertur.
488 2505 580 2560 Ductae
598 2509 684 2560 tamen
706 2502 839 2573 publicet

15 2582 143 2655 exequiae,
156 2579 318 2650 laudavitque
330 2580 385 2651 ipse
399 2578 467 2650 apud
485 2581 582 2635 Rostra
593 2580 700 2634 sormam
712 2579 775 2648 ejus,
788 2581 815 2632 et

15 2659 88 2733 quod
111 2655 204 2712 divine
223 2655 328 2711 infantis
348 2673 440 2727 pareus
459 2655 559 2725 fuisset,
583 2655 681 2725 aliaque
704 2653 814 2708 somma

14 2752 128 2794 munera
139 2751 186 2807 pro
194 2733 341 2790 virtutibus.
