1860 2956
92 133 141 182 29⁰
431 132 553 182 ΤΑΟΙΤῙ
855 181 859 186 .

726 195 765 244 [Α.
775 195 805 235 u.
815 197 840 235 c.
849 196 896 238 su.

92 243 215 298 trucidsti
226 244 286 310 sint,
298 243 369 298 nullo
379 243 461 298 milite
473 245 573 310 emisso,
585 243 675 314 penem
688 243 829 299 admodum
840 243 899 300 sul⁴

72 320 195 388 querulis.
231 321 268 376 st
288 320 388 376 imbelle
406 320 500 391 vulgus
520 320 568 376 sub
587 337 680 375 corono
700 321 897 388 venundatum

93 396 190 466 reliqua
206 398 292 467 preda
309 396 448 451 victoribus
466 397 553 452 cessit.
588 396 649 450 Pori
665 395 774 450 fortune
790 397 899 468 legetur

92 489 123 527 so
140 472 277 543 praefectus
294 473 336 528 usi
354 476 422 538 sunt,
441 471 576 546 tribusque
592 489 644 526 une
661 471 703 526 die
721 473 837 528 castellis
855 491 901 529 ex·

92 549 213 620 pugnetis
237 552 323 605 cetere
340 552 439 604 terrore
462 552 489 604 et
513 549 563 604 olis
586 551 677 618 sponte
701 547 848 604 incolsrum
869 550 901 606 irs

94 625 248 680 deditionem
265 624 421 680 veniebant:
444 625 513 680 uode
529 628 587 680 orte
601 623 695 678 fiducie
712 629 792 695 caput
810 623 900 696 gentis

72 702 220 757 8Artexsts
245 701 416 773 aggrediendi
459 701 517 756 Nee
542 705 629 756 tumen
655 701 774 770 proximo
803 702 898 758 itinere

94 777 179 834 ductu
201 778 321 849 legiones,
342 796 407 848 quoe,
427 778 450 832 si
470 795 568 832 curnem
588 779 707 842 Ararene
730 777 776 847 qui
800 775 899 834 moenit
928 787 929 790 ’

95 853 175 920 alluit,
199 857 277 925 ponte
299 853 546 925 transgrederentur,
571 853 620 908 sub
643 853 726 908 ictum
749 851 895 924 dabunturr

48 930 184 1000 wpmod
214 933 241 986 et
264 929 396 984 latioribus
424 929 496 985 vedis
519 929 651 984 transiere.
703 929 742 983 At
765 928 897 986 'liridstu

94 1007 191 1077 pudore
214 1009 241 1062 et
264 1009 343 1072 metu,
367 1023 408 1072 ne,
431 1006 453 1060 si
477 1005 644 1060 concessisset
668 1003 808 1071 obsidioni,
832 1002 896 1074 ὦ,

94 1084 150 1153 opis
170 1083 273 1154 inipso
296 1082 433 1146 videretur,
454 1081 477 1137 si
500 1080 653 1152 prohiberet,
675 1080 809 1150 impeditis
832 1079 897 1138 loeo

81 1175 173 1228 -seque
194 1162 223 1214 et
246 1161 378 1229 equestres
399 1157 485 1227 copias
507 1157 626 1228 illigaret,
649 1157 742 1211 statuit
762 1151 899 1228 poserem
928 1219 929 1222 ,

94 1233 228 1290 ostendere
246 1235 324 1290 eciem
337 1238 363 1289 et
375 1234 435 1289 doto
447 1233 488 1288 die
502 1233 617 1304 prelium
630 1233 748 1303 incipere,
762 1235 808 1290 vel
819 1235 896 1303 dmin

72 1311 189 1366 fllstione
216 1311 284 1383 iuge
311 1310 395 1366 locum
422 1308 507 1364 baudi
534 1327 631 1380 parare.
674 1309 761 1380 Igitur
787 1308 897 1382 repente

95 1405 187 1458 agmen
198 1387 343 1442 Romanum
355 1385 543 1452 circumfundit,
553 1403 606 1440 non
617 1386 706 1457 ignsro
718 1386 784 1442 duce
795 1391 896 1456 nostru,

73 1464 140 1535 sqni
150 1463 198 1518 vioe
210 1464 306 1534 pariter
317 1467 344 1518 et
356 1475 452 1535 pugne·
465 1467 643 1533 composuerat
658 1463 809 1518 exercitum.
844 1463 899 1520 In·

95 1544 151 1595 tere
163 1539 253 1595 dextro
264 1541 342 1595 tertis
352 1540 428 1610 legio,
440 1539 546 1596 sinistro
562 1542 636 1593 sexte
646 1537 790 1604 incedebat,
803 1539 899 1599 mediis

96 1616 284 1673 decimanorum
304 1615 425 1682 delectis;
450 1618 554 1685 recepto
574 1615 642 1669 inter
665 1613 766 1670 ordines
789 1615 898 1687 impedi-

85 1698 189 1759 mento,
214 1697 241 1748 et
266 1697 369 1764 tergum
397 1690 465 1746 mille
493 1691 592 1762 equites
621 1690 770 1756 tuebantur,
801 1691 899 1763 quibu

94 1769 214 1841 jusserat,
232 1772 263 1824 nt
280 1768 436 1824 instantibus
454 1767 594 1822 comminus
611 1766 769 1832 resisterent,
789 1769 900 1842 refugii

74 1856 149 1902 luen
171 1848 345 1917 sequerentur.
384 1844 420 1898 In
444 1843 562 1900 cornibus
586 1842 663 1913 pedes
686 1843 846 1914 sagittarius
869 1849 901 1904 ὢ

96 1926 182 1978 cetere
193 1939 283 1977 merrus
294 1920 410 1991 equitum
421 1919 483 1984 ibat,
497 1917 645 1988 productior
655 1936 736 1973 cornu
746 1919 777 1974 in
789 1921 903 1999 sinistro

96 2016 143 2069 per
153 1999 205 2053 ime
214 1997 324 2062 collium,
337 1999 368 2050 ut
380 1995 402 2050 si
417 1995 500 2050 hostis
511 1994 666 2060 intravisset,
678 1994 766 2050 fronte
779 1997 862 2054 simul
871 1996 901 2056 el

73 2073 155 2130 ssinu
167 2073 333 2145 exciperetur.
370 2071 503 2126 Assultare
520 2088 554 2125 ex
572 2070 671 2126 diverso
687 2071 829 2139 liridstoe,

97 2147 902 2296 lllllriffitffilllffl’dldtilffl

73 2301 151 2358 sUbi
162 2300 226 2356 nihil
236 2301 382 2357 temeritate
394 2299 514 2364 solutum,
525 2317 572 2354 nec
581 2299 688 2370 emplius
701 2317 782 2370 quum
795 2301 898 2362 decori

97 2377 220 2446 equitent,
233 2376 368 2431 audentius
380 2375 529 2447 progressus
541 2379 568 2430 et
580 2375 680 2446 sagittis
692 2377 822 2446 confixus,
835 2385 900 2438 edu.

97 2469 140 2506 ros
156 2451 188 2504 ed
203 2451 354 2520 obsequium
372 2450 488 2520 exemplo
505 2451 658 2516 firmaverat,
675 2451 832 2525 propinquis
848 2454 901 2530 pt

55 2524 89 2578 tl
97 2525 209 2581 tenebris
222 2525 352 2579 abscessit.
388 2527 425 2580 Et
437 2527 550 2582 Corbulo
562 2531 646 2582 cestre
661 2527 689 2582 in
702 2528 761 2584 loco
778 2528 902 2603 metreta}¹

97 2618 131 2656 un
146 2599 272 2671 expeditis
287 2599 429 2670 legionibus
447 2607 524 2658 nocte
541 2605 668 2659 Artuxsts
689 2612 815 2676 pergeret
836 2606 903 2668 ow

101 2675 189 2746 licque
203 2675 372 2734 omcumduret
388 2678 504 2747 agitant,
518 2679 675 2736 concessisse
686 2680 751 2738 illuc
767 2678 905 2753 unium„
