1862 2952
155 128 201 174 ree
485 130 618 182 rscffl,

747 183 898 243 [snecta.
927 225 928 236 ,

134 255 212 313 *rum
231 237 311 291 nescii
330 256 411 308 egere,
434 257 491 294 cum
510 242 652 312 propinquo
672 259 733 296 rure
753 247 793 296 aut
807 237 902 300 litomet
927 239 928 254 ¹

154 331 220 383 saepe
235 314 327 368 moenia
344 314 414 369 urbis
432 315 557 381 adsidens,
575 321 716 372 extremm
733 319 845 372 senectam
857 329 906 366 com·

110 388 267 459 59pleverit.
304 392 343 444 Ac
354 391 421 445 forte
437 392 487 446 illis
505 392 594 448 diebus
608 392 724 447 oblatum
741 392 826 448 Oeam
838 403 905 456 aucep!

153 465 293 535 periculum
305 467 377 521 auxit
389 485 454 521 vana
460 469 576 534 rumoris,
586 468 746 540 prebuitqne
753 470 798 540 ipsi
807 464 907 522 mutarim

132 553 199 596 cour
211 542 327 596 amicitiae
340 545 539 614 constantiaque
551 545 637 615 Sejani
648 547 729 618 magis
745 545 832 600 fideret.
860 540 907 592 lea·

153 617 278 672 cebantur
289 619 317 672 in
328 619 387 673 villa
398 621 440 674 cui
451 620 602 675 vocabulum
621 621 759 692 Speluncae,
778 637 838 676 mare
852 618 907 684 bus·

153 692 253 748 clauum
276 694 343 749 inter
367 700 393 749 et
415 696 550 751 Frmdanos
570 702 677 762 montes,
699 699 785 753 nativo
801 697 826 751 in
845 708 906 763 specu

132 770 217 841 cnjus
229 788 257 824 os
270 770 347 841 lapsis
359 776 464 842 repente
477 774 544 827 saxis
557 773 643 828 obruit
655 774 777 844 quosdam
793 771 907 828 miniatum=

152 847 212 902 hinc
235 851 319 902 metus
340 847 368 902 in
386 866 473 903 omnes
492 853 518 904 et
542 849 604 920 fuga
624 867 713 904 eorum
732 850 776 920 qni
797 844 927 904 connium

131 923 320 979 scelebrabant.
358 925 466 995 Sejanus
478 943 547 996 genu
558 926 682 996 vrrltuque
694 930 721 981 et
732 925 841 981 manibus
855 933 910 990 supa

153 999 279 1054 Caeserem
298 1019 437 1072 suspensus
454 1001 574 1072 opposuit
592 1021 648 1056 sese
671 1002 841 1064 incidentibus,
855 1001 911 1066 atqua

151 1076 243 1131 habitu
261 1077 307 1131 tali
322 1081 438 1148 repertus
455 1082 495 1134 est
512 1096 527 1132 a
542 1078 664 1133 militibus
681 1079 726 1149 qui
743 1076 848 1134 subsidio
859 1087 911 1127 veut

152 1156 217 1206 rant.
254 1153 339 1225 Major
357 1173 389 1208 ex
404 1173 451 1222 eo;
479 1158 506 1209 et
525 1172 669 1226 quanquam
688 1155 795 1212 exitiosa
811 1149 912 1210 suaset

131 1233 182 1282 aut
194 1247 245 1283 non
257 1230 298 1284 sui
314 1231 411 1297 annius,
425 1249 483 1286 oum
498 1231 548 1286 fide
566 1231 723 1287 audiebatur.
759 1225 914 1286 Assimilabtl‘

152 1323 201 1374 qne
211 1305 304 1376 judicis
316 1313 402 1378 partes
415 1308 548 1362 adversum
558 1307 701 1364 Germanici
710 1309 821 1380 stirpem,
830 1299 914 1360 subdu

151 1381 197 1452 qui
208 1387 382 1438 accusatorum
394 1383 496 1438 nomina
511 1384 674 1449 sustinerent,
687 1385 843 1454 maximeque
856 1380 902 1425 'sc
919 1411 924 1418 ·

151 1461 269 1513 tacentur
281 1459 410 1514 Neronem
427 1461 571 1531 proximum
583 1461 737 1516 successioni
748 1463 782 1526 et,
796 1467 914 1530 quanqum

151 1534 266 1590 modesta
271 1535 384 1607 juventa,
393 1537 542 1607 plerumque
551 1540 637 1590 tamen
646 1533 869 1607 quidinpraesen'
888 1547 913 1575 ¹⁵

151 1611 303 1667 conduceret
316 1612 430 1678 oblitum,
449 1611 510 1667 dum
526 1631 541 1667 a
555 1611 652 1667 libertis
672 1619 698 1668 et
714 1613 852 1678 clientibus,
866 1605 901 1678 αρ’

151 1687 236 1744 cendae
254 1689 375 1760 potentie
392 1689 514 1760 properis,
535 1688 713 1744 exstimulatur
732 1693 764 1744 ut
782 1679 915 1744 erectumtl

150 1764 270 1820 fidentem
282 1766 359 1820 animi
370 1766 531 1821 ostenderet:
544 1766 608 1820 velle
620 1765 647 1820 id
655 1765 779 1836 populum
787 1766 915 1843 Romanum

151 1860 243 1914 cupere
262 1843 397 1910 exercitus,
411 1861 494 1914 neque
509 1861 630 1898 ausurum
646 1846 737 1897 contra
753 1842 875 1913 Sejanus,
890 1856 917 1881 ⁸²*

149 1935 217 1974 nunc
238 1919 387 1990 patientiam
407 1920 474 1974 senis
494 1923 520 1974 et
539 1918 675 1989 segnitiam
693 1918 795 1989 juvenis
811 1917 879 1989 juxta
893 1911 912 1962 ’κ

107 1997 143 2051 60
150 1997 237 2053 sultet.
274 1999 340 2053 Haec
356 2002 432 2068 atque
448 1997 510 2053 talia
528 1997 642 2052 audienti
659 1997 723 2051 nibil
738 1997 839 2068 quidem
853 2009 891 2065 pra

149 2074 326 2144 cogitationis:
357 2073 403 2130 sed
431 2074 560 2129 interdum
589 2091 663 2128 voees
688 2072 857 2144 procedebant
881 2092 900 2115 a

148 2153 262 2205 tumaces
274 2156 301 2204 et
312 2150 469 2214 inconsultae,
483 2167 545 2220 quas
558 2149 669 2220 appositi
683 2148 803 2204 custodes
821 2163 886 2202 exce
895 2166 903 2183 t
917 2160 918 2163 ’

149 2229 285 2297 auctasque
297 2245 355 2280 cum
367 2226 501 2290 deferrent,
514 2243 596 2296 neque
608 2225 707 2280 Neroni
719 2223 854 2280 defendere
873 2246 889 2268 ν
907 2254 910 2261 ν

148 2305 199 2368 tur,
220 2301 327 2356 diversae
347 2302 451 2369 insuper
467 2301 666 2356 sollicitudinum
681 2301 771 2372 formae
785 2318 877 2356 orrea«
897 2320 899 2329 ’

126 2377 217 2430 2Nam
238 2377 302 2431 alius
321 2395 455 2432 occursum
475 2378 530 2448 ejus
546 2377 643 2442 vitare3
663 2375 767 2447 quidam
787 2376 844 2431 salu
859 2394 898 2419 :aa

147 2451 247 2506 reddita
270 2453 357 2507 statim
383 2455 479 2520 averti3
507 2453 620 2524 plerique
643 2453 776 2523 inceptum
798 2471 901 2508 sermo·

147 2525 304 2596 abrumpere,
334 2527 511 2584 insistentibus
538 2533 627 2584 contra
652 2528 868 2600 irridentibusque
894 2548 903 2567 ι·

126 2602 240 2672 asejano
263 2601 376 2656 fautores
395 2603 507 2661 aderant.
543 2605 681 2660 Enimvero
701 2605 819 2660 liberius
843 2609 870 2659 to
916 2625 917 2628 ¹

147 2681 192 2732 eut
203 2677 296 2732 falsum
312 2677 430 2734 renidens
445 2681 535 2736 vultu:
554 2699 601 2738 seu
618 2682 766 2754 loqueretur
781 2699 827 2738 seu
861 2700 894 2725 uc
905 2680 918 2717 V
