2022 3004
199 130 247 182 884
528 124 650 174 TACITI

845 185 873 223 Δ.
882 181 912 222 U.
921 182 946 222 C.
956 181 1006 224 suta

198 242 299 310 potens,
310 236 442 310 quemdam
453 255 488 292 ex
498 236 621 292 ministris
632 234 745 292 Octavie
756 235 811 305 imp
841 235 863 288 't
876 231 1002 288 servilem

176 316 223 374 tei
239 332 349 370 amorem
366 313 482 384 objicere.
518 313 719 382 Destinaturqne
736 329 797 366 reus
820 313 1006 382 cognomento

197 391 328 456 Eucaerus,
345 390 448 444 natione
465 389 659 454 Alexandrinus,
683 405 773 444 canere
797 387 872 442 tibiis
896 385 1006 440 doctus

175 471 270 524 encta
287 467 320 522 ob
337 466 365 521 id
382 466 413 522 de
429 466 525 521 audilis
542 465 700 536 questiones,
717 467 745 519 et
761 463 787 519 vi
802 465 1001 518 tormentorum

196 545 272 600 victis
290 542 440 615 quibusdam
457 548 487 596 ut
505 542 569 596 falsa
585 544 733 605 annuerent,
752 540 839 611 plures
856 538 1006 610 perstitere

197 621 360 676 sanctitatem
377 619 484 674 domina
499 619 584 684 tueri;
603 636 635 674 ex
650 617 742 688 quibus
758 633 811 672 una
825 614 943 670 instanti
958 614 999 668 'li-

198 697 291 768 gellino
303 695 411 752 castiora
422 713 477 750 esse
489 693 622 749 muliebria
636 693 749 748 Octavioe
764 691 903 762 respondit
921 708 997 761 quam

176 783 227 830 cos
239 774 302 845 ejus.
338 773 459 826 Moretur
476 774 562 826 minen
579 769 661 840 primo
676 768 757 824 civilis
773 767 876 822 discidii
895 767 995 838 specie;

199 849 351 920 domumque
362 847 446 911 Burri,
460 846 554 917 predia
564 845 658 910 Plauti,
670 843 782 900 infausta
794 842 871 909 dona,
885 842 995 912 accipit:
1005 897 1006 902 ,

198 942 259 978 mox
275 925 303 978 in
320 922 481 993 Campaniam
500 922 573 992 pulsa
586 924 626 976 est
641 919 727 975 addita
743 919 850 974 militari
868 918 995 974 casstodia⁴

177 1000 263 1056 dInde
276 999 357 1056 crebri
368 1001 473 1069 questus
490 1015 538 1052 neo
553 995 647 1052 occulti
662 1014 707 1066 per
722 995 837 1066 uulgum,
856 996 902 1050 cui
913 995 1006 1050 minor,

199 1076 330 1146 sapientia,
354 1093 387 1130 ex
409 1072 583 1128 mediocritate
606 1071 715 1127 fortuna
738 1071 861 1142 pauciora
881 1070 1006 1142 pericula

199 1155 268 1206 aunt.
299 1150 375 1222 [His]
396 1167 539 1220 quanquam
558 1149 629 1202 Nero
648 1147 796 1217 penitentia
814 1148 920 1218 flagitii,
937 1164 998 1202 con-

155 1226 190 1280 61
196 1226 285 1297 jugem
296 1225 424 1282 mvooavit
435 1224 575 1280 Octaviam.
604 1223 674 1278 Exin
684 1223 737 1278 lati
750 1223 912 1294 Capitolium
924 1241 998 1278 scan-

199 1301 272 1367 dunt,
282 1301 393 1372 deosque
401 1299 504 1356 tandem
512 1304 673 1356 venerantur.
692 1299 796 1370 Effigies
804 1295 929 1370 Poppaeus
941 1315 998 1370 pro

198 1381 285 1442 ruunt,
311 1377 424 1432 Octaviae
446 1376 569 1446 imagines
592 1379 695 1447 gestem
718 1376 838 1440 humenis,
865 1378 997 1446 spargunt

101 1519 106 1530 ,
178 1453 311 1518 altoribus,
330 1453 437 1524 foroque
454 1470 484 1508 ac
506 1451 608 1523 templis
626 1455 752 1508 statuunt.
786 1453 846 1508 Itur
864 1453 947 1508 etiam
970 1452 998 1506 in

199 1530 320 1601 principis
335 1529 423 1585 landes
440 1529 602 1600 [repetitum]
620 1529 802 1584 venerantium.
839 1529 956 1600 Jamque
970 1531 998 1582 et

199 1607 327 1662 Palatium
344 1605 507 1660 multitudine
525 1609 551 1659 et
568 1605 721 1660 clamoribus
739 1603 910 1676 complebant,
937 1623 997 1660 cum

201 1683 287 1738 emissi
297 1683 406 1738 militum
420 1680 490 1753 globi
505 1680 652 1736 verberibus
668 1684 695 1736 et
707 1681 807 1736 intento
821 1681 892 1736 ferro
908 1681 1006 1736 turba,

180 1765 242 1814 atos
266 1759 393 1830 disjecere.
438 1758 591 1827 Mutateque
615 1776 672 1828 que
694 1775 740 1828 per
764 1757 918 1816 seditionem
942 1775 1006 1811 ver·¹

201 1839 293 1901 terant,
312 1839 339 1890 et
356 1836 472 1905 Poppaeae
487 1832 567 1888 honos
583 1834 709 1904 repositus
725 1837 773 1888 est.
810 1834 876 1893 Quae
894 1850 994 1903 semper

201 1911 267 1978 odio,
280 1915 336 1966 tum
348 1914 374 1966 et
386 1914 457 1966 metu
473 1913 554 1974 atrox,
567 1927 600 1964 ne
618 1915 664 1964 ant
675 1909 746 1980 vulgi
761 1910 844 1966 acrior
854 1909 895 1966 vis
907 1910 994 1980 ingru-

202 1992 256 2044 eret
268 1992 313 2042 aut
324 1987 396 2042 Nero
411 1985 574 2042 inclinatione
588 1985 675 2055 populi
689 1988 840 2050 mutaretur,
858 1985 993 2056 provoluta

201 2063 308 2132 genibus
321 2061 384 2135 ejus,
397 2081 449 2117 non
460 2080 491 2116 eo
502 2061 552 2116 loci
562 2079 603 2116 res
612 2079 671 2116 suas
684 2062 732 2132 agi,
745 2066 777 2116 ut
787 2060 819 2116 de
831 2061 992 2118 matrimonio

202 2141 290 2204 certet,
305 2140 458 2209 (quanquam
469 2136 496 2192 id
508 2137 557 2192 sibi
570 2137 624 2192 vita
637 2137 742 2206 potins)
758 2137 804 2192 sed
815 2138 897 2196 vitam
911 2137 992 2208 ipsam

201 2213 229 2270 in
239 2217 380 2268 extremum
393 2214 527 2269 adductam
539 2232 555 2268 a
566 2213 688 2269 clientelis
700 2218 727 2268 et
745 2213 855 2268 servitiis
870 2213 990 2278 Octavie,

202 2306 258 2358 quae
270 2288 350 2358 plebis
366 2287 415 2342 sibi
432 2307 525 2344 nomen
539 2289 683 2358 indiderint,
700 2307 730 2344 ea
743 2291 771 2343 in
785 2307 849 2360 pecc
864 2289 922 2344 ausi
937 2305 991 2359 qna

178 2363 244 2422 avix
269 2362 335 2416 bello
358 2364 496 2418 evenirent.
537 2366 617 2419 Arma
639 2365 683 2420 illa
709 2365 830 2420 adversm
853 2366 992 2436 principem

202 2439 318 2506 sumpta;
337 2436 426 2492 ducem
437 2442 540 2494 tantum
552 2439 669 2506 deiunsse,
683 2442 727 2512 qui
742 2442 819 2498 motis
831 2442 909 2499 rebus
921 2440 991 2496 facile

201 2509 371 2579 reperiretur:
390 2514 520 2568 omitteret
538 2515 614 2570 modo
632 2517 795 2588 Campaniam
812 2522 840 2573 et
857 2518 886 2574 in
905 2517 992 2574 urbem

200 2586 281 2654 ipsam
297 2591 428 2654 pergeret,
453 2589 487 2642 ad
512 2591 585 2660 cnjus
608 2596 702 2648 nutum
729 2593 842 2650 absentis
866 2594 992 2650 tumultus

179 2660 335 2714 ⁵cierentur.
372 2660 448 2717 Quod
458 2663 569 2733 alioquin
578 2685 653 2722 suum
665 2668 807 2724 delicth
825 2670 993 2740 quamcujus·

200 2751 277 2800 ‘luam
288 2733 469 2791 offensionem?
487 2755 521 2794 an
532 2742 592 2810 quin
603 2761 690 2802 veram
698 2746 846 2818 progeniem
857 2745 992 2817 penatibus
