2026 2992
44 156 68 194 L
79 149 167 204 num
260 93 462 144 ANNALIUM
478 95 523 144 VI.
542 95 643 144 16-19.
799 97 845 144 1ss

44 210 69 258 et
80 204 211 275 paulatim
229 204 325 275 privati
343 223 445 276 quoque
461 205 598 261 creditores
614 205 717 277 reperti.
753 205 845 278 Neque

44 283 137 352 emptio
156 297 283 353 agrorum
299 283 414 338 exercita
431 282 464 337 ad
484 281 590 337 formam
608 286 712 338 senatus
726 283 844 350 comulti,

44 356 152 423 acribus,
167 365 198 412 ut
211 357 295 413 ferme
312 358 381 424 talia,
399 359 488 425 initiis,
501 358 629 414 nonnoso
641 360 698 415 fine

78 434 149 489 Dein
172 433 287 490 redeunt
313 435 411 505 priores
434 445 526 501 metim,
550 435 680 506 postulato
703 435 891 508 majestaticis

43 510 166 565 Considio
179 511 311 578 Procu103
330 512 376 582 qui
386 512 456 567 nullo
467 531 560 583 pavore
572 511 639 566 diem
650 512 761 568 natalem
779 513 843 570 cole·

42 587 116 642 brana
128 591 225 658 raptus
244 587 273 642 in
290 589 394 653 curiam,
411 589 556 660 pariterque
575 589 708 644 damnatus
725 589 843 646 interiec-

40 669 143 735 tusque.
181 664 222 719 Et
235 665 319 720 sorori
330 665 387 735 ejus
406 665 502 720 Saucia
519 683 586 736 equa
602 671 679 736 atque
695 667 749 738 igni
766 667 866 722 inter-2

41 739 146 806 dictum,
160 745 303 796 accusante
322 742 355 800 Ο,
369 743 516 812 Pomponio.
553 743 588 806 Is,
607 742 719 797 moribus
735 743 841 813 inquies,

42 816 94 871 haro
105 819 132 871 et
145 816 327 888 hujuscemodi
339 835 355 870 a
366 835 394 871 se
405 817 518 872 factitari
535 817 716 888 praetendebat,
727 823 758 873 ut
770 825 843 889 parta

41 891 108 962 apud
116 893 264 964 principem
273 893 357 963 gratia
366 893 484 963 periculis
496 893 630 964 Pomponii
638 894 747 949 Secundi
756 895 842 950 fratris

41 967 197 1024 mederetur.
236 969 323 1024 Etiam
347 969 374 1022 in
404 969 551 1041 Pompeiam
574 970 715 1025 Macrinam
738 971 865 1031 exiliums

41 1046 174 1112 statuitur,
189 1047 268 1118 cujus
280 1048 400 1101 maritum
412 1047 567 1118 Argolicum,
582 1065 697 1102 socerum
705 1048 840 1116 Laconem,

40 1142 55 1177 e
72 1123 233 1194 primoribus
245 1125 407 1190 Achaeorum,
421 1124 506 1180 Cesar
518 1125 647 1180 afflixerat.
684 1126 762 1181 Pater
780 1141 866 1198 quo-s

40 1219 97 1273 que,
109 1202 223 1258 illustris
236 1219 314 1274 eques
327 1203 466 1268 Rcmmus,
486 1221 515 1259 ac
531 1203 611 1258 irater
624 1204 765 1275 pretorius,
783 1223 840 1260 cunr

41 1277 171 1342 montio
196 1279 315 1345 instaret
341 1299 368 1334 se
392 1280 441 1351 ipsi
463 1279 621 1335 interfecere.
665 1279 761 1336 Datum
785 1287 862 1338 eratc

41 1354 139 1410 crimini
152 1354 225 1426 quod
237 1355 409 1427 Theophanen
420 1357 604 1428 Mytilenaeum,
613 1373 734 1427 proavum
744 1375 839 1427 eornm,

42 1431 87 1486 Cn.
100 1431 220 1503 Magnus
233 1433 302 1487 inter
312 1433 416 1488 intimos
428 1433 566 1498 habuisset,
585 1433 703 1504 quodque
720 1433 840 1490 defuncto

41 1507 192 1580 Theophani
211 1508 326 1564 celestes
341 1509 449 1566 honores
466 1511 555 1566 Graeca
576 1507 688 1564 adulatio
706 1511 839 1566 tribuerat.

41 1585 103 1640 Post
125 1603 194 1658 quos
215 1586 274 1640 Ser.
287 1587 396 1652 Marius,
421 1587 604 1658 Hispaniarum
627 1585 775 1654 ditissimus,
798 1587 841 1642 de·
853 1589 887 1641 lc

41 1661 122 1716 sertor
133 1661 280 1718 incestasse
297 1663 376 1717 filiam
392 1667 418 1718 et
436 1680 497 1718 saxo
515 1663 622 1734 Tarpeio
640 1661 765 1734 dejicitur.
801 1665 841 1718 Ac

41 1755 72 1793 ne
84 1737 194 1794 dubium
206 1738 345 1794 haberetur
358 1739 557 1812 magnitudinem
574 1739 687 1810 pecunie
703 1738 769 1793 malo
784 1757 840 1794 ver·

41 1815 112 1880 tisse,
135 1816 251 1871 aurariae
274 1816 337 1888 ejus,
360 1835 503 1889 quanquam
521 1816 719 1888 publicarentur,
738 1815 839 1870 sibimet

40 1891 159 1947 liberius
173 1892 296 1963 seposuit.
333 1893 504 1964 irritatusque
520 1893 651 1964 suppliciis
666 1893 780 1956 cunctos,
794 1892 863 1963 qui2

38 1985 140 2024 carcere
167 1969 345 2025 attinebantur
370 1970 482 2025 accusati
505 1969 635 2024 societatis
659 1985 717 2022 cum
739 1969 837 2040 bojano,

38 2046 124 2100 necari
140 2045 229 2116 jubet.
265 2047 353 2101 Jacuit
372 2047 494 2100 immensa
515 2050 622 2116 strages,
647 2045 729 2100 omnis
754 2061 863 2111 seruas

38 2123 121 2177 omnis
134 2126 200 2178 retas
208 2144 216 2189 ;
235 2122 355 2188 illustres,
369 2123 510 2195 ignobiles3
529 2121 638 2192 dispersi
652 2125 697 2176 aut
715 2125 837 2194 aggerati.

39 2199 132 2270 Neque
152 2199 302 2270 propinquis
320 2204 366 2253 aut
385 2199 471 2254 amicis
490 2199 615 2263 assistere,
631 2198 788 2266 illacrimare,
806 2215 863 2258 nes

38 2275 120 2330 visere
143 2275 249 2346 quidem
270 2275 375 2340 diutius,
397 2275 520 2341 dabatur;
538 2274 584 2329 sed
603 2275 758 2346 circumjecti
781 2295 838 2331 cus-

38 2351 111 2407 todes
124 2355 154 2406 et
166 2351 195 2406 in
206 2369 339 2407 maerorem
347 2353 469 2424 cujusque
476 2352 570 2406 intenti
582 2353 838 2422 corporaputrefecta

39 2427 243 2494 msectabantur,
256 2428 317 2484 dum
336 2428 364 2483 in
375 2428 486 2483 Tiberim
498 2428 668 2493 traherentur,
681 2428 725 2483 ubi
736 2429 838 2484 fluitan-

39 2505 73 2559 tia
85 2509 132 2560 ant
145 2505 210 2576 ripis
222 2505 329 2576 appulsa
340 2523 392 2558 non
404 2522 515 2558 memare
528 2504 669 2574 quisquam,
678 2521 730 2558 non
742 2504 838 2557 contin-

39 2599 105 2650 gere.
144 2581 318 2636 Interciderat
331 2581 409 2634 sortis
420 2579 538 2634 humanae
550 2580 729 2632 commercium
746 2577 773 2630 vi
789 2586 862 2628 mee

39 2666 95 2724 tus;
115 2660 295 2728 quantumque
308 2656 407 2712 saevitia
419 2655 547 2726 glisceret,
556 2653 685 2708 miseratio
698 2650 837 2705 arcebatur.

64 2753 220 2786 muron-1.
430 2747 448 2788 0
