1862 2952
79 135 131 182 ilo*
411 135 532 183 riom

708 197 745 244 [A.
755 197 785 237 U.
794 193 817 236 fl.
828 195 876 240 Μ.

75 244 157 314 impar
180 247 242 309 erat,
268 243 322 299 feto
345 245 476 315 permisit3
493 245 570 316 jactis
590 248 677 300 tamen
697 245 806 300 vocibus
827 265 878 318 per

53 329 139 392 equas
152 320 339 392 intelligemur
355 321 476 392 providus
493 322 646 376 bitumrum.
683 322 805 393 Namque
817 323 877 377 Ma-

75 399 154 466 oroni,
178 417 230 453 non
254 399 341 454 abdita
358 399 471 471 ambago,
491 399 649 455 occidentem
674 399 706 454 ab
724 418 755 455 eo
780 401 875 466 deseri,

54 476 198 531 lorientem
222 476 333 546 spectari
356 476 526 546 exprobrarit.
574 477 611 531 Et
635 476 666 530 C.
683 477 782 532 Caesari
805 477 877 533 forte

76 557 133 607 orto
156 571 273 608 sermono
297 553 328 608 L.
343 553 437 625 Syllam
459 553 583 620 irridenti,
606 554 692 624 omnia
709 554 787 624 Syllae
810 555 878 609 vitia

53 634 102 685 set
119 629 214 684 nullam
232 629 346 702 ejusdem
363 631 484 685 virtutem
502 629 651 684 habiturum
668 629 797 701 predixit.
838 625 877 685 Si-

75 706 129 760 mul
147 706 241 761 crebris
258 725 316 760 curn
333 707 444 761 lacrimis
461 707 582 762 minorem
601 725 633 761 er
650 707 789 778 nepotibus
807 725 878 762 oom-

75 783 172 854 plexus,
185 783 253 837 truci
265 783 368 839 alterius
384 783 467 850 vultu,
480 789 497 812 ‘¹
508 783 615 838 Occides
628 783 696 838 huno
708 785 766 848 tu‚’'
779 783 877 853 inquit,

54 863 131 914 9“et
155 864 182 914 te
206 859 296 914 alius.'’
345 858 396 913 Sed
418 863 582 931 gravescente
606 859 745 914 valitudine
770 859 837 914 nihil
863 879 879 916 e

74 935 220 991 libidinibus
228 935 369 1003 omittebat,
377 935 405 989 in
413 936 537 1007 patientia
547 936 728 990 firmitudinem
736 935 876 1001 simulans,

74 1012 215 1082 'solitusque
228 1011 328 1066 eludere
341 1011 495 1066 medicorum
508 1016 583 1076 artes,
598 1016 674 1082 atque
690 1029 733 1066 eos
751 1012 799 1082 qui
816 1017 879 1083 post

75 1088 231 1142 tricesimum
249 1088 332 1142 astatis
350 1106 441 1142 annum
456 1087 487 1141 ad
499 1087 693 1142 internoscenda
704 1089 810 1158 oorpori
829 1107 879 1144 suo

75 1164 149 1217 utilia
160 1164 201 1218 vel
212 1165 289 1218 noxia
300 1163 375 1218 alieni
387 1164 484 1218 consilii
495 1164 646 1235 indigerent.

30 1239 68 1298 47
110 1239 219 1294 interim
230 1241 320 1296 Βοωω
332 1241 426 1295 futuris
443 1240 519 1295 etiam
537 1245 596 1310 post
608 1240 738 1295 Tiberium
760 1240 879 1297 coedibus

76 1316 172 1370 semina
192 1317 358 1387 jaciebantur.
393 1317 489 1372 Laelius
513 1317 610 1372 Bulbus
633 1317 766 1382 Acutiam,
785 1317 819 1372 P.
832 1319 878 1373 Vr-

75 1392 139 1447 tellii
162 1393 288 1463 quondam
308 1411 422 1461 uxorem,
443 1394 584 1464 majestatis
607 1393 806 1465 postulaverat3
827 1413 879 1465 qua

76 1470 201 1536 damnate,
226 1490 284 1526 oum
308 1472 440 1543 praemium
458 1472 599 1542 accusatori
617 1470 810 1537 decerneretur,
830 1473 877 1527 Ju-

75 1548 134 1603 nius
146 1549 216 1603 Otho
228 1548 347 1603 tribunus
359 1548 442 1619 plebei
459 1548 612 1603 intercessit.
649 1546 726 1602 Unde
739 1548 795 1603 illis
807 1549 876 1616 odia,

54 1631 137 1680 2mox
160 1625 257 1679 Othoni
281 1625 390 1680 exilium.
428 1625 496 1679 Dein
519 1625 657 1679 multorum
681 1625 816 1679 amoribus
842 1626 879 1680 fr·

76 1720 148 1756 mosa
163 1701 296 1766 Albucilla,
312 1701 353 1756 cui
369 1701 557 1755 matrimonium
573 1719 631 1755 curn
650 1700 735 1754 Satrio
756 1701 878 1756 Secundo

76 1777 256 1850 conjurationis
271 1776 353 1832 indice
368 1777 458 1842 fuerat,
477 1777 591 1831 defertur
604 1776 746 1846 impietatis
764 1778 792 1831 in
810 1779 878 1849 prin·

76 1856 172 1924 cipem3
191 1853 406 1910 connectebantur
417 1857 447 1908 ut
465 1853 560 1908 conscii
576 1857 602 1907 et
619 1851 732 1907 adulteri
750 1854 811 1926 ejus
831 1855 877 1909 On.

55 1930 213 1998 3Domitius,
237 1930 331 1984 Vibius
354 1930 466 1994 Marsus,
490 1929 523 1984 L.
535 1929 683 1983 Arruntius.
733 1929 780 1984 De
805 1931 877 1986 clari·

77 2006 165 2061 tudine
177 2006 285 2062 Domitii
296 2023 373 2078 supra
384 2006 535 2061 memoravi:
555 2005 658 2060 Marsus
671 2021 778 2076 quoque
791 2011 878 2062 vetus

55 2081 111 2136 stis
128 2082 273 2149 honoribus,
292 2087 319 2137 et
342 2083 449 2137 illustris
472 2081 564 2136 studiis
589 2085 652 2136 erat.
689 2081 743 2136 Sed
769 2085 876 2139 testium

76 2157 277 2231 interrogationi,
300 2160 434 2214 tormentis
459 2177 589 2214 servorum
611 2158 767 2213 Macronem
785 2178 877 2230 prese·

35 2272 38 2276 -
77 2232 151 2303 disse,
163 2237 337 2290 commentarii
350 2234 382 2289 ad
393 2241 510 2290 senatum
519 2235 590 2290 missi
601 2235 733 2301 terebant;
747 2235 875 2308 nullaeque

76 2310 103 2363 in
115 2329 158 2364 eos
170 2311 329 2380 imperatoris
345 2313 439 2368 litterae
455 2312 623 2383 suspicionem
641 2311 749 2377 dabant,
764 2313 874 2370 invalido

76 2402 106 2438 ao
129 2385 237 2438 fortasse
254 2386 350 2454 ignaro,
369 2389 429 2443 licta
445 2389 564 2458 pleraque
588 2388 620 2442 ob
644 2387 799 2446 inimicitias
824 2391 874 2445 Ma·

32 2463 69 2512 48
77 2458 159 2512 cronia
168 2463 242 2512 notas
251 2459 445 2517 inArruntium.
464 2465 550 2534 Igitur
557 2464 688 2518 Domitius
699 2464 874 2522 defensionem

76 2532 208 2599 meditans,
221 2533 324 2588 Marsus
341 2541 464 2607 tanquam
481 2540 591 2593 inediam
609 2539 806 2610 destinavisset,
822 2559 874 2612 pm

81 2604 170 2662 ‘luxere
182 2609 268 2662 vitam.
305 2611 444 2667 Arruntius
460 2615 649 2669 cunctationem
666 2619 695 2670 et
715 2635 805 2672 moras
823 2633 873 2672 sna·

101 2683 194 2737 utilius
206 2683 302 2749 amieis„
312 2701 365 2740 non
376 2686 465 2742 eadem
483 2690 601 2745 omnibus
619 2690 715 2746 decora
733 2691 873 2766 respondit.
