1862 2952
53 187 157 250 mm
251 125 326 174 Tac,
345 123 476 174 ΔΝΜ.
493 125 542 174 xl.
556 127 625 174 1-4.
785 127 831 176 115

53 242 162 309 prorupit
184 255 252 300 reus,
272 240 308 305 et,
326 241 343 265 “
351 236 513 308 Interroga?
530 235 622 308 iuquit,
642 239 659 264 ‘¹
667 233 747 300 Suilli,
768 234 833 292 illius

51 317 119 369 tuos:
138 314 221 368 mum
239 331 295 368 ease
316 331 357 368 me
377 311 551 368 trebure?
587 312 774 382 Ingressusque
793 310 857 369 dre-³

49 390 190 454 tensionem,
203 393 330 444 mmmutu
341 389 463 462 majorem
474 388 503 444 in
518 387 619 442 modum
632 385 748 452 Claudio,
765 386 835 442 Mes-

49 467 130 522 seliare
154 482 255 538 quoque
278 464 396 520 laerimas
419 465 522 520 excivit.
571 463 672 523 Quibus
702 462 859 520 abluendise

49 544 160 600 enbieulo
183 542 316 615 effodiens
339 547 426 598 menet
455 541 596 608 Vitellium,
619 559 651 596 ne
674 541 740 597 elabi
762 559 835 598 mum

49 621 146 676 smeret
182 620 246 691 Ipsa
264 618 297 674 ad
311 619 447 690 perniciem
461 619 578 690 Poppere
594 618 706 684 festinat,
726 617 858 674 subditist

49 697 90 767 qui
108 702 206 752 terrore
227 696 336 751 carueris
355 695 387 750 ad
406 695 574 750 voluntariam
589 699 699 750 mortem
714 693 836 766 propelle-

49 779 109 841 rent,
122 775 186 830 adeo
197 775 287 846 ignaru
302 774 409 841 Cessare,
416 777 447 828 ut
458 788 552 844 pausus
561 777 620 845 post
629 773 683 828 dier
692 773 836 844 epulamem

49 852 112 922 apud
124 871 151 908 se
162 852 286 906 maritum
298 851 354 922 ejus
367 850 510 921 Scipionem
521 853 714 922 permutaretur
725 867 771 904 eur
781 849 836 906 aine

49 946 124 984 uxore
145 927 327 993 discubuisset,
346 931 423 997 atque
440 927 482 982 ille
498 927 614 983 inmotam
632 927 686 982 iate
703 925 836 998 meandr-

48 1008 92 1059 ret.
130 1004 181 1059 Sed
200 1004 355 1059 consultanti
372 1021 450 1075 super
470 1003 628 1058 absolutione
640 1003 756 1069 Adrum,
770 1003 863 1062 deust

48 1079 174 1146 Vitellius,
196 1083 392 1134 eommemereta
408 1083 538 1135 vetustate
557 1079 673 1134 amicitie
688 1083 768 1151 utque
785 1083 838 1137 Au·

47 1157 141 1211 tunium
162 1156 285 1227 prineipis
306 1159 414 1210 matrem
433 1155 529 1226 pariter
547 1155 757 1222 observavisseut,
779 1155 838 1212 dein

47 1232 174 1303 pereurris
193 1232 303 1287 Asiatici
321 1233 349 1286 in
370 1251 424 1288 rem
445 1232 571 1303 publicam
589 1231 676 1286 officiis
692 1232 838 1304 reeeutique

48 1308 168 1364 adversas
192 1308 352 1364 Britanniam
372 1308 470 1374 militia,
488 1327 595 1379 quaeque
612 1307 661 1364 alia
678 1309 839 1365 muuiliauds

47 1385 224 1440 miserieordiae
243 1384 402 1450 videbuntur,
422 1385 530 1440 liberum
550 1385 640 1440 mortis
661 1385 794 1441 arbitrium
815 1385 841 1440 ei

46 1461 178 1532 permisit;
197 1465 223 1516 et
236 1465 324 1516 seeuta
341 1466 402 1516 sunt
419 1461 519 1516 Claudii
532 1463 610 1517 rerba
624 1461 652 1518 in
669 1462 774 1518 mmem
792 1461 840 1518 ele

46 1538 176 1592 ruentiam.
212 1538 384 1593 Hortautibus
405 1537 496 1594 deliine
514 1537 666 1608 quibusdam
686 1539 795 1595 inediam
813 1541 864 1597 ete

46 1613 129 1670 lenem
146 1613 253 1677 exitum,
273 1614 403 1671 remittere
424 1615 572 1670 beneficium
593 1615 722 1670 Asiatieus
743 1615 794 1682 ait;
813 1619 840 1670 et

46 1689 178 1762 usurpatis
195 1689 287 1761 quibus
303 1690 447 1746 insueverat
461 1691 692 1756 exercitationibus,
705 1692 776 1746 lauto
788 1709 841 1748 eor-

45 1785 116 1838 pore,
128 1767 209 1821 hilare
218 1766 344 1836 epulatus,
358 1786 416 1822 eum
425 1785 452 1822 se
461 1768 594 1824 honestius
603 1767 740 1824 ealliditate
747 1767 842 1824 'liberii

41 1844 88 1916 ¹vel
102 1845 203 1916 impetu
220 1843 249 1897 O.
264 1843 370 1898 Caesaris
390 1844 532 1915 periturum
553 1843 658 1900 dixisset
682 1863 757 1916 quam
773 1846 842 1917 quod

43 1919 137 1975 fraude
154 1918 272 1974 muliebri
283 1923 310 1974 et
321 1919 448 1991 impudico
464 1919 563 1976 Vitellii
576 1938 620 1976 ore
636 1919 745 1986 eederet,
764 1941 841 1979 venas

43 1996 145 2052 nulrit
153 2018 162 2062 3
180 1995 235 2049 viso
253 1999 408 2050 taruenante
418 2013 490 2066 rogo,
501 1996 623 2068 jussoque
639 1997 771 2054 transferri
786 2017 842 2071 par·

43 2077 101 2127 tem
109 2072 138 2126 iu
147 2070 229 2136 aliani,
239 2089 272 2126 ne
283 2072 395 2143 opeeitas
408 2070 525 2128 arborum
536 2089 629 2143 vapore
640 2073 707 2144 iguis
718 2075 842 2132 minuere·

43 2153 100 2204 tur.
137 2147 298 2203 Tantumilli
310 2149 454 2204 securitatis
466 2149 609 2206 novissime
620 2149 678 2206 fuit.
708 2151 868 2211 Voeanturd

41 2223 174 2297 postium
186 2227 279 2294 patres,
292 2225 427 2296 pergitque
445 2225 548 2280 Suillius
563 2224 654 2282 addere
670 2245 727 2282 reos
743 2230 842 2300 equites

41 2303 181 2357 Romnum
204 2299 324 2366 illustres,
348 2301 441 2372 quibus
464 2302 543 2358 Petra
566 2308 769 2374 eognomentum.
805 2309 867 2361 Ata

41 2395 126 2434 musa
138 2376 208 2432 neeis
218 2395 251 2432 ex
262 2395 292 2432 ee
305 2376 373 2448 quud
385 2377 487 2432 demum
499 2396 569 2432 suam
583 2379 721 2436 Mnesteris
733 2385 760 2436 et
777 2382 843 2453 Pop-

41 2453 480 2526 peeaeeougressibusproebuissent.
504 2454 867 2528 Verumnoetururequietist

43 2529 150 2602 speeies
162 2529 235 2585 alteri
246 2530 354 2602 objeeta,
365 2534 486 2602 tanquam
497 2530 602 2588 vidisset
615 2532 749 2588 Claudium
761 2534 845 2601 spirea

44 2623 148 2664 uerene
162 2606 299 2672 evinetum,
315 2607 392 2678 spieis
408 2611 478 2661 retro
494 2608 630 2674 conversis,
642 2623 722 2672 eaque
735 2606 844 2672 imagine

43 2681 207 2758 gravitatem
218 2700 324 2744 annuum
336 2682 450 2738 dixisset.
487 2680 595 2744 Quidam
607 2676 765 2746 pampineam
776 2689 869 2730 eoru-a
