1860 2956
12 211 37 248 A.
49 211 76 252 D·
86 214 121 264 Μ]
189 156 382 206 ANNALIUM
398 157 476 205 XIII.
493 157 596 205 ao-—aa
735 157 783 204 288

12 261 97 316 misse·
127 265 192 324 Quin
205 271 230 322 et
243 267 438 322 manumittendi
453 266 516 321 duas
532 265 627 337 speeies
641 264 806 330 instItntaqu

15 342 43 389 ut
63 337 230 411 relinqueretur
246 344 401 415 paenitentiae
419 348 464 398 aut
482 361 547 397 noro
565 340 686 396 beneficio
703 340 781 396 loeus.

16 411 83 470 Quos
99 417 199 474 vindicta
220 425 342 491 patronus
365 438 418 475 non
437 419 590 483 liberaverit,
612 417 683 472 velut
700 417 804 475 rinoloo

15 489 130 546 seruitutis
139 495 241 551 abluere
276 495 423 566 Dispieeret
434 496 541 567 quisque
553 494 650 558 merita,
660 493 782 565 tardeque

16 565 147 624 oouoederet
158 572 221 642 quod
235 573 323 627 datum
338 591 390 627 non
406 571 567 626 adimeretur.
603 570 668 626 Haeo
683 575 805 626 senten-6

14 639 46 694 tia
56 643 132 710 valuit,
143 649 288 720 scripsitque
305 649 390 703 Caesar
402 648 509 712 senatui,
529 647 646 717 priuatim
658 645 783 717 expende-

12 721 64 802 uent
76 737 162 778 eausam
171 725 316 780 hbertorum
326 725 443 796 quotiens
453 723 589 795 apatronis
599 727 781 794 arguerentur:

12 809 37 846 un
48 811 164 856 eommune
175 802 237 856 nihil
249 800 408 872 derogarent.
445 801 501 855 Nee
518 800 598 854 multo
609 803 668 870 post
680 802 803 869 ereptus?

11 870 86 926 mite
98 873 195 932 libertus
211 878 285 932 Paria
303 877 375 949 quasi
384 877 442 949 jure
460 877 534 941 cirili,
547 894 599 931 non
611 876 665 932 sine
681 875 783 930 infamia

10 946 122 1020 principis,
134 955 203 1025 eujus
212 956 288 1026 jussu
299 959 472 1026 perpetratum
484 953 650 1024 ingenuitatis
659 951 783 1024 judicium

10 1027 65 1078 erat.

39 1099 148 1160 Manebat
164 1107 242 1162 nihilo
260 1107 344 1162 minus
363 1105 477 1178 quaedam
500 1106 585 1176 imago
607 1104 645 1160 rei
668 1103 781 1174 publiea.
791 1113 828 1167 28

9 1171 67 1232 llam
74 1177 134 1234 inter
142 1183 279 1238 Vibullium
287 1187 423 1254 pretorem
431 1187 458 1238 et
465 1182 548 1254 plebei
557 1181 688 1236 tribunum
696 1181 783 1235 Antis·

7 1249 65 1308 llum
88 1260 164 1314 ortum
181 1264 317 1325 eertamen,
337 1258 405 1330 quod
422 1258 584 1313 immodestos
602 1258 714 1313 lautores
732 1257 784 1311 his-

8 1327 107 1412 lrbnnm
122 1339 146 1389 et
163 1354 178 1390 a
194 1340 302 1407 pretore
319 1337 347 1390 in
364 1336 446 1390 duola
463 1335 553 1390 duetus
566 1334 684 1390 tribunus
699 1333 784 1389 omitti

4 1407 118 1473 Jmeisset.
152 1413 354 1484 comprobavere
371 1417 465 1482 patres,
487 1412 603 1468 incusata
626 1411 737 1466 Antisti‘r
755 1411 806 1468 lta

6 1485 88 1540 tentia.
120 1489 197 1544 Simul
215 1490 337 1560 prohibiti
355 1489 450 1544 tribuni
465 1489 508 1561 jus
526 1493 664 1560 pratorum
681 1492 708 1544 et
726 1505 783 1544 eon·

4 1559 81 1616 mlum
101 1567 240 1638 praeripere,
265 1570 311 1621 aut
337 1584 427 1622 voeare
452 1585 486 1621 ex
508 1565 584 1620 Italia
607 1584 666 1621 oum
691 1563 783 1636 quibus

4 1629 53 1706 ¹³80
74 1642 113 1712 agi
132 1648 225 1714 posset.
262 1642 369 1698 Addidit
389 1643 421 1698 L.
433 1643 495 1698 Piso
519 1641 666 1714 designatus
687 1641 806 1709 consult

5 1725 32 1765 Be
47 1717 103 1786 quid
119 1719 185 1775 intra
203 1719 306 1774 domum
323 1737 370 1791 pro
387 1722 515 1790 potestate
533 1718 700 1783 adverterent,
719 1736 784 1774 neve

1 1789 98 1848 multam
109 1795 139 1852 ab
148 1796 179 1852 iia
192 1796 286 1852 dietam
300 1799 438 1868 quaestores
450 1795 532 1850 aerarii
543 1795 570 1850 iu
587 1794 700 1866 publicas
712 1795 784 1850 tabu·

21 1890 30 1911 τ
50 1874 105 1926 ante
129 1876 251 1944 quattuor
274 1889 374 1928 menses
397 1873 522 1928 referrent
529 1894 537 1938 ;
555 1871 639 1927 medio
662 1872 784 1942 temporis

19 1947 80 2001 utra
91 1947 173 2004 dioere
186 1949 282 2014 liberet,
294 1949 375 2021 deque
383 1967 414 2004 eo
424 1948 539 2004 eonsules
549 1952 699 2004 statuerent.
736 1950 807 2009 Con

0 2017 74 2077 obita
84 2025 177 2081 aretius
189 2029 216 2080 et
225 2026 335 2081 [edilium
344 2030 465 2096 potestas,
475 2028 652 2096 statutumque
662 2030 784 2096 quantum

12 2126 15 2129 ’
70 2125 99 2166 κ,
118 2106 242 2173 quantum
259 2102 349 2172 plebei,
369 2101 482 2173 pignoris
500 2106 619 2172 caperent
642 2101 682 2156 vel
705 2122 785 2174 poenae

7 2194 10 2210 ⁴
35 2183 138 2246 eatena
168 2179 208 2234 Eo
220 2178 355 2234 Helvidius
362 2179 465 2233 Priscus
478 2177 687 2247 tribunusplebis
700 2179 806 2242 advent

11 2274 34 2295 ¹¹:
46 2251 223 2310 Obultronium
232 2255 353 2310 Sabinum
363 2254 444 2310 aerarii
453 2258 603 2326 quaestorem
612 2257 785 2313 contentiones

8 2348 17 2365 l·
31 2347 103 2385 ¹uras
121 2331 243 2398 exercuit,
260 2335 382 2402 tanquam
397 2331 440 2401 jus
461 2331 541 2386 hastae
559 2330 680 2387 adversus
697 2334 785 2406 inopes

14 2425 22 2445 <1
43 2413 152 2463 ementer
168 2411 282 2479 angeret.
319 2407 387 2462 Dein
403 2407 519 2478 priuoeps
537 2426 624 2462 curam
641 2409 786 2466 tabularum

21 2477 676 2555 blioarumequaestoribusadpraefeetostranstulit.
707 2487 785 2542 Varie
793 2492 830 2546 29

1 2547 78 2613 labita
88 2578 117 2615 ao
129 2579 197 2631 saepe
213 2563 314 2614 mutata
325 2561 379 2631 ejus
391 2559 429 2614 rei
440 2560 528 2614 forma„
567 2561 634 2616 Nam
647 2561 784 2631 Augustus

17 2656 32 2677 n
70 2636 87 2682 ι’
111 2636 227 2708 permisit
251 2635 362 2708 deligare
385 2635 536 2707 praefectos3
566 2635 657 2690 deinde
685 2635 784 2689 ambitu

4 2706 167 2784 stuporum
180 2716 307 2784 suapeeto,
320 2715 389 2768 sorte
399 2711 556 2767 dueebautun
568 2728 600 2764 ex
608 2723 714 2762 numero
722 2723 786 2775 pm-
