1862 2952
33 148 126 202 mm
207 93 400 143 ANNALIUM
416 91 461 143 IV.
473 93 578 142 dd-bd.
749 89 793 140 lor

59 199 122 256 luter
139 221 192 272 que
208 204 251 259 diu
267 205 391 260 meditato
404 204 554 276 prolatoque
571 199 665 271 sepius
681 199 794 264 oonsilio,
803 199 839 255 57

34 277 118 332 belem
129 277 209 334 (tuear
218 281 245 335 in
261 281 433 352 Campaniam,
452 279 536 351 specie
553 275 685 333 dedicandi
700 275 797 346 temple

30 355 86 424 opud
104 357 209 428 Capuam
222 359 239 412 J
240 359 288 424 ovi,
307 358 377 430 apud
395 357 488 414 Nolam
504 357 633 428 Augusto,
648 353 694 410 sed
710 359 797 410 certus

30 431 103 500 prorui
123 433 182 490 urbe
204 434 301 507 degere.
350 435 460 490 Geumm
483 433 616 488 smoessus
643 441 818 503 quenquam,2

27 511 117 564 smptus
135 509 252 580 plurimos
272 516 413 576 auctorum,
436 509 468 566 ad
490 509 575 581 Sejaui
598 511 666 564 artas
688 507 795 574 rettuli;

29 583 78 652 quis
94 587 180 652 lernen,
194 587 261 642 cede
279 588 335 657 ejus
351 589 460 658 patrate,
479 603 525 641 sex
540 589 631 656 postea
647 601 726 640 armos
741 585 797 656 peri

28 663 111 714 secreto
121 663 256 734 conjunxit,
269 663 419 734 plerumque
430 679 579 733 permoveor
590 679 651 715 uum
664 660 696 715 ad
712 661 796 732 ipsum

27 733 102 791 referri
112 739 191 794 varius
204 740 245 805 sit,
259 739 382 794 sevitiam
394 756 424 794 uo
435 737 572 803 libidinem,
586 755 644 792 oum
656 736 731 792 iactis
740 753 798 807 pro-

27 815 101 878 meret,
122 814 181 870 loeis
204 816 383 871 occultantem.
429 815 511 870 Erant
541 814 586 885 qui
615 813 748 868 crederent
771 813 820 867 ins

27 893 141 945 mactate
162 891 275 962 eorporis
304 909 406 962 quoque
435 890 551 946 habitum
580 889 673 961 pudori
702 889 796 944 luisse:

27 964 105 1036 quippe
126 968 162 1024 illi
183 970 338 1042 praegracilis
363 973 390 1024 et
414 969 520 1024 incurva
543 968 690 1039 proceritas,
713 967 798 1023 nudus

24 1041 102 1112 capilo
112 1049 204 1112 verton
217 1047 333 1102 ulcerosa
350 1045 428 1101 laoies
439 1063 469 1100 ao
490 1045 639 1117 plerumque
656 1043 799 1100 medicami-

25 1117 90 1173 nibus
108 1121 272 1178 interstincta.
308 1122 345 1178 Et
357 1121 444 1177 Rhodi
455 1126 555 1177 secreto
566 1121 647 1176 vitare
659 1125 747 1188 cretus,
760 1129 820 1177 rel

26 1194 120 1252 condere
141 1200 284 1271 voluptates
307 1199 429 1255 insuerat.
465 1197 586 1253 'finditur
609 1197 686 1252 etiam
709 1199 798 1254 matris

24 1268 161 1342 inpotentia
176 1281 315 1342 extrusum,
329 1295 405 1346 quam
418 1275 597 1330 dominationis
609 1274 701 1330 sociem
714 1293 799 1348 usper-

21 1347 126 1416 nabatur,
149 1371 231 1424 neque
255 1353 381 1424 depellere
398 1355 507 1423 poterat,
526 1369 584 1406 eum
603 1350 798 1407 dominationem

25 1420 96 1492 ipsam
113 1429 204 1484 donum
225 1430 281 1502 ejus
299 1429 445 1500 aceepisset.
481 1427 549 1484 Nam
567 1427 727 1484 dubitaverat
744 1429 821 1484 liu-5

26 1503 105 1568 ewini
117 1505 299 1572 Germanicum,
313 1505 407 1560 sororis
419 1508 536 1576 nepotem
553 1509 580 1560 et
596 1505 695 1560 cunctis
713 1503 799 1559 landa·

22 1577 79 1643 tum,
88 1582 250 1639 reiRomaum
261 1585 406 1654 imponere:
426 1583 597 1654 sedpreoibus
605 1583 798 1638 uxoriseviotus

25 1649 112 1712 liberio
135 1659 320 1725 Germanicum,
345 1659 394 1716 sibi
417 1659 548 1716 [liberium
571 1659 669 1714 ascivit.
716 1659 799 1732 quue

24 1728 130 1816 rugosa
140 1736 317 1808 exprobrabat,
334 1736 490 1807 reposcebat.
525 1735 656 1791 Profectio
673 1740 744 1791 aroto
760 1735 844 1791 00-58

25 1812 105 1864 mltatu
114 1811 180 1868 luit:
198 1831 265 1867 unus
278 1816 383 1867 senetur
394 1813 530 1868 consulatu
547 1813 659 1878 innotus,
677 1813 799 1869 Cocceius

22 1877 107 1952 Nerva,
130 1889 171 1944 oui
193 1889 280 1961 legum
303 1889 411 1960 peritia;
442 1907 520 1960 eques
543 1890 682 1955 Romanus,
707 1895 800 1960 preter
895 1894 898 1902 '

25 1955 140 2030 Sejanum,
151 1983 184 2020 ex
195 1965 338 2020 illustribus
355 1965 461 2020 Curtius
478 1965 598 2032 Attious3
616 1967 695 2021 aeteri
710 1966 801 2022 libera·

23 2029 82 2092 libus
93 2039 180 2097 studiis
192 2042 301 2113 praediti,
314 2043 393 2098 ferme
406 2043 497 2108 Greci,
517 2061 625 2114 quorum
643 2044 800 2100 sermonibus

23 2106 145 2172 levaretur.
179 2118 307 2174 Ferebant
318 2120 395 2190 periti
407 2120 554 2184 celestium,
567 2119 600 2174 iis
611 2120 723 2175 motibus
735 2121 822 2176 side-2

20 2201 73 2242 mm
83 2194 217 2250 excessisse
229 2195 313 2250 Roma
324 2195 454 2250 'liberium
465 2199 496 2250 nt
504 2195 601 2250 reditus
609 2195 646 2250 illi
655 2201 799 2269 negaretur.

23 2259 91 2352 Unde
109 2271 180 2326 exitii
201 2289 279 2326 oense
297 2272 385 2326 multis
403 2272 461 2338 brit,
483 2289 619 2343 properum
642 2274 718 2329 finam
740 2275 800 2330 vitae

22 2347 211 2411 aspectantibus
231 2347 454 2419 vulgantibusque.
491 2349 583 2419 Neque
604 2351 672 2404 enim
692 2355 745 2406 tam
763 2351 822 2406 ἰπὶ-3

23 2416 156 2502 credibilem
174 2441 261 2478 ossum
281 2423 456 2495 providebant,
478 2428 509 2479 ut
524 2423 642 2479 undecim
659 2444 705 2496 per
722 2443 801 2480 anuos

22 2485 94 2550 bbeua
116 2499 197 2568 patria
221 2505 327 2555 careret.
368 2500 434 2554 Mox
458 2501 543 2572 patuit
565 2501 642 2555 breve
665 2502 802 2557 confinium

23 2568 79 2624 Μὴ
90 2576 115 2627 et
126 2573 190 2641 falsi,
203 2593 314 2647 veraque
324 2593 399 2646 quam
409 2576 523 2630 obscuris
531 2579 688 2645 tegerentur.
724 2575 825 2632 Nasus

22 2639 49 2696 '52
57 2647 139 2704 urbem
150 2669 202 2707 non
213 2669 399 2724 regressurum,
411 2651 481 2705 bend
494 2651 562 2704 torte
578 2648 690 2700 dietum
709 2651 802 2695 cetero
