1960 2952
286 109 483 160 AuNALmM
502 110 538 160 11.
555 111 643 159 6—11.
831 113 862 160 08

43 175 75 214 Α.
87 171 119 214 D.
132 171 180 222 le]

43 225 206 286 ostentant,
226 223 333 289 turbati,
355 227 382 278 et
405 221 509 293 quidum
531 221 620 276 hausti
644 221 713 276 sunt.
750 218 887 276 Metsnris

42 303 145 356 eastra
166 298 264 355 Oaesun'
277 300 487 373 Angrivariorum
510 298 621 353 defectio
639 315 655 352 s
669 301 744 368 tergo
762 297 863 354 nuntie·

41 381 116 432 tur:
140 374 239 430 missus
258 378 325 433 illieo
345 376 484 432 Stertinius
505 392 565 430 oum
583 374 670 445 equite
686 377 713 428 et
734 379 863 430 armature

41 453 113 516 levi,
142 451 207 522 igne
231 458 258 508 et
281 454 392 510 oedibus
416 451 548 525 perfidiam
571 451 642 506 ultus
665 453 713 506 est.
749 451 886 512 Flumeu9

42 529 184 599 Visurgis
203 529 332 586 Romanos
345 531 539 600 Chemsoosque
553 527 723 583 interfluebat.
760 528 823 600 Ejus
835 529 863 586 in

41 607 111 678 ripa
134 623 199 659 oum
218 609 309 663 ceteris
324 607 477 680 primoribus
494 605 626 660 Arminius
644 603 752 670 adstitit,
772 606 863 676 quesi-

41 687 138 754 toqne
158 699 194 736 sn
212 683 297 740 Cesar
312 686 432 749 venisset,
451 687 588 755 postquem
605 681 694 737 edesse
711 700 860 752 responsum

41 765 100 826 est,
122 762 157 812 ut
175 758 266 815 lioeret
284 779 342 816 oum
362 762 443 816 fratre
461 759 570 830 oolloqui
586 758 677 814 orarit.
714 757 777 812 Erat
795 759 817 814 is
835 759 884 816 int

40 835 186 901 exercitu,
200 842 368 908 cognomento
380 838 481 902 Flavus,
492 837 599 907 insignis
611 835 660 890 lide
672 838 700 890 et
712 835 804 890 smisso
816 853 862 907 per

39 915 154 972 vulnus
167 914 242 968 ooulo
254 917 341 986 pausis
354 920 413 970 ente
422 916 503 982 annis,
513 914 576 969 duee
583 913 693 969 liberio.
729 913 794 968 llrm
807 930 882 985 per-s

39 993 175 1054 missurn,
190 1008 392 1064 progressusque
403 991 531 1047 salutetur
543 990 574 1046 ab
586 989 717 1056 Armini0;
737 990 781 1061 qui
793 1007 861 1046 smo-

39 1070 84 1125 tis
108 1066 292 1136 stipatoribus,
310 1073 340 1124 ut
360 1069 486 1141 sagittarii
505 1072 595 1124 nostru
609 1086 656 1138 pro
672 1067 728 1138 ripa
743 1067 860 1140 dispositi

39 1142 228 1202 abscederent
252 1146 373 1215 postulet,
395 1150 422 1200 et
442 1149 578 1216 postquem
599 1143 714 1216 digressi,
739 1145 807 1200 unde
830 1163 861 1200 es

39 1220 210 1278 deformius
222 1221 273 1275 oris
290 1222 431 1294 interrogat
448 1222 562 1276 fratrem.
599 1221 648 1276 Illo
660 1221 744 1276 looum
756 1225 782 1276 et
795 1231 882 1292 prm-4

38 1300 118 1356 lium
138 1296 277 1362 referente,
291 1298 418 1369 quodnam
435 1298 568 1368 premium
585 1297 723 1369 reoepisset
739 1298 858 1369 exquirit.

37 1377 153 1432 slavus
166 1377 244 1428 sueta
255 1374 387 1446 stipendis
396 1379 514 1446 torquem
524 1377 551 1428 et
559 1391 678 1429 eoronam
689 1374 788 1446 elinque
796 1375 881 1432 mili-6

36 1451 124 1508 tarra
135 1449 206 1504 dous
217 1458 347 1518 memoret,
360 1451 482 1506 irridente
494 1451 610 1506 Arminio
621 1451 682 1506 vilis
693 1451 791 1507 servitii
802 1469 860 1523 pre-

36 1529 94 1586 sis.
139 1526 212 1581 Exin
230 1527 324 1583 diversi
340 1528 483 1593 ordiuntur,
496 1527 538 1582 lrio
552 1527 752 1599 magnitudinem
764 1529 859 1583 Romu·
869 1535 905 1588 lo

37 1623 122 1669 narn,
132 1620 198 1674 opes
210 1602 317 1659 Cesum
330 1609 356 1660 et
368 1605 444 1660 vietis
455 1622 546 1676 graves
559 1622 653 1675 poeuss,
666 1605 694 1659 in
705 1604 859 1660 deditionem

36 1682 172 1742 venienti
184 1686 298 1752 perstem
310 1683 468 1740 elementiam
480 1702 488 1750 ;
505 1701 588 1754 neque
599 1685 734 1754 conjugem
741 1687 768 1737 et
776 1683 856 1738 lilium

37 1763 108 1834 ejus
123 1757 255 1814 hostiliter
266 1759 368 1815 heberi:
387 1760 430 1816 illo
441 1761 481 1815 fes
492 1761 589 1832 patries,
601 1760 746 1815 libertatem
754 1758 855 1826 evitem,

37 1835 202 1912 penetrales
218 1835 359 1892 Germanis
370 1838 438 1903 deos,
452 1842 560 1892 matrem
572 1855 676 1908 preoum
692 1835 803 1902 sociem
822 1855 856 1892 ne

35 1913 259 1988 propinquorum
270 1917 297 1968 et
309 1913 436 1980 adfinium
451 1914 560 1986 denique
577 1914 661 1986 gentis
674 1931 726 1969 sue
740 1913 855 1970 desertor

37 1995 72 2050 et
87 1989 214 2062 proditor
225 2007 301 2060 quem
313 1991 451 2062 imperator
462 2009 518 2046 esse
531 1991 624 2047 mullet.
657 1991 784 2046 Paulatim
796 1992 879 2050 iudet

35 2069 78 2126 sd
88 2066 187 2140 jurgia
204 2066 314 2138 prolapsi
333 2085 383 2139 quo
401 2068 486 2123 minus
503 2085 617 2139 pugnum
633 2073 803 2134 oonsererent,
821 2087 854 2124 no

34 2143 161 2204 flumine
182 2143 284 2214 quidem
303 2145 439 2217 interjecto
459 2144 649 2211 oohibebsutur,
668 2145 696 2201 ni
715 2146 854 2202 Stertinius

36 2223 197 2280 adsumens
215 2220 318 2290 plenum
340 2222 385 2277 irre
403 2239 522 2293 armaque
545 2226 571 2278 et
595 2241 688 2293 equum
707 2227 854 2294 possenteru

34 2299 165 2357 Flevum
186 2297 340 2352 attinuisset.
378 2299 538 2354 cernebatur
556 2304 647 2354 ooutrs
663 2299 878 2360 minitabunduss

32 2373 196 2438 Arminius,
210 2374 377 2445 proeliumque
389 2375 551 2432 denuntians.
587 2376 656 2431 Num
668 2377 789 2448 plersque
804 2377 854 2430 Ias·

32 2455 104 2511 tino
123 2466 243 2504 sermone
260 2451 445 2523 interqsoiebet,
465 2452 556 2524 utqui
574 2453 698 2508 Romanis
716 2454 744 2508 iu
762 2451 853 2508 eastris

32 2531 146 2588 duotor
157 2526 320 2598 popularium
331 2529 475 2584 meruisset.
499 2530 609 2584 Postero
621 2529 662 2583 die
670 2530 853 2606 Gennunorum
865 2532 899 2582 ll

34 2608 118 2664 seies
131 2607 206 2658 trans
218 2601 352 2676 Visurgim
365 2605 446 2659 stetit.
459 2604 553 2668 Cesar,
565 2604 616 2656 nisi
631 2601 753 2670 pontibus
768 2611 855 2662 presl-

35 2684 153 2754 ‘ffill‘llw
165 2679 301 2751 impffllll'fl,
314 2679 375 2736 dare
387 2679 415 2734 in
426 2679 562 2734 inerim
572 2677 688 2744 legiones
696 2667 767 2724 lusud
777 2666 855 2727 impe·
