1866 2944
104 145 106 148 ’
123 156 154 202 eo
460 151 581 200 uscrrr

763 213 799 261 [A.
808 214 838 254 U.
845 216 865 254 c.
873 211 906 254 m

121 256 197 320 etiam
212 281 275 334 quos
287 262 382 317 invidia
391 281 452 334 erge
460 262 587 316 viventem
596 262 721 328 movebat,
729 262 906 318 illserimubunt

122 341 248 412 quondam
260 342 400 405 florentem,
411 345 437 394 et
451 344 492 394 tot
504 339 628 394 bellorum
645 341 822 410 superstitem,
836 340 915 395 muiie-

121 418 161 472 bri
182 417 270 471 [raude
289 416 417 471 cecidisse.
453 417 512 470 Erit
529 417 602 470 vobis
622 417 693 470 locus
712 417 841 486 querendi
853 415 913 487 apud

99 499 245 558 coenatum,
258 493 392 548 invocandi
403 493 480 564 leges.
517 493 578 547 Non
589 493 638 547 boe
655 493 815 563 precipuum
828 495 914 547 emico-

121 590 178 626 rum
190 589 282 624 munus
295 573 342 634 est,
361 569 481 639 prosequi
492 569 641 623 defunctum
653 569 745 639 ignavo
758 573 863 639 questu,
876 567 915 622 sed

121 665 178 718 quae
207 646 324 710 voluerit,
348 646 501 709 meminisse,
527 664 583 715 quae
613 645 777 710 mandaverit,
806 644 914 716 exsequi

100 723 231 778 dFlebunt
248 721 426 776 Germanicum
438 721 514 774 etiem
530 721 628 791 ignoti:
647 721 813 776 vindicabitis
833 719 917 785 vossi

122 817 162 854 me
174 799 259 868 potius
276 815 351 866 quem
365 797 494 850 fortunam
510 814 592 851 meum
608 797 741 851 fovebatis.
778 798 915 853 Ostendite

121 875 215 946 populo
233 874 349 927 Romano
362 873 414 926 divi
428 873 541 944 Augusti
558 877 668 942 neptem,
685 873 850 944 eundemque
864 891 914 929 oon·

101 952 207 1022 7jugem
222 967 320 1014 meum;
338 952 470 1003 numerate
482 967 528 1002 sex
538 949 639 1003 liberos.
667 949 853 1005 Misericordia
864 969 916 1005 cunr

14 1037 17 1044 '
122 1027 299 1082 accusantibus
311 1027 371 1091 erit;
391 1027 595 1096 fingentibusque
607 1025 715 1081 sceleste
731 1027 861 1082 mandatu
877 1031 915 1081 sut

101 1120 173 1163 ouon
194 1103 297 1158 credent
317 1103 438 1167 homines,
461 1107 506 1156 eut
526 1119 577 1156 non
597 1103 700 1173 ignosce
717 1104 755 1156 t.'’
795 1105 916 1159 Jursrere

121 1180 203 1244 amici,
224 1179 339 1233 dextrum
360 1179 490 1233 morientis
512 1179 696 1249 ooutingentes
718 1179 843 1248 spiritum
864 1183 916 1234 unte

77 1264 197 1328 'mquam
221 1255 343 1310 ultionem
367 1255 510 1309 emissuros.
552 1255 617 1308 Tum
641 1255 673 1309 sd
696 1272 808 1308 uxorem
833 1273 916 1312 versus

121 1352 167 1404 per
188 1333 334 1389 memoriam
355 1333 403 1396 sui,
425 1351 471 1402 per
491 1350 636 1386 communes
655 1332 747 1386 libems
765 1335 865 1398 oravit,
882 1351 918 1388 ex·

121 1413 194 1464 ueret
207 1409 334 1473 ferociam,
354 1409 469 1462 saevienti
487 1409 596 1463 fortunae
614 1409 780 1462 submitteret
798 1411 916 1473 animun,

121 1505 172 1540 neu
187 1503 303 1556 regresso
317 1485 345 1538 in
360 1485 450 1538 urbem
466 1484 625 1538 emulatione
642 1483 762 1554 potentie
784 1486 918 1540 validiores

100 1562 241 1620 dimiteret.
277 1561 343 1615 Hsee
358 1561 447 1630 pelam,
467 1562 493 1614 et
510 1560 559 1614 ulia
574 1565 679 1621 secreto,
694 1577 740 1629 per
755 1577 822 1628 quse
839 1566 918 1617 osten-

122 1637 181 1694 dere
194 1637 343 1692 credebatur
355 1640 451 1690 metum
464 1655 496 1690 ex
508 1636 616 1690 Tiberio.
652 1636 744 1706 Neque
761 1638 853 1693 multo
866 1641 918 1709 poet

122 1714 302 1784 exstingmtur,
314 1713 414 1783 ingenti
420 1713 494 1766 luctu
503 1713 638 1782 pmrinciee
646 1715 673 1766 et
682 1712 921 1783 oneumjaoentiun

100 1790 281 1862 apopulorum.
317 1789 453 1842 indoluere
463 1791 557 1843 externe
566 1788 681 1846 nationes
690 1805 838 1860 regesque:
852 1793 921 1844 tants

120 1867 158 1921 illi
176 1867 281 1922 comitas
297 1865 325 1919 iu
339 1866 428 1929 socios,
447 1864 617 1942 mansuetudo
636 1865 663 1918 in
682 1863 793 1930 bostes3
813 1867 921 1938 visuqn

121 1947 148 1996 et
161 1942 249 1996 auditu
258 1942 333 2012 juxta
348 1940 505 2005 venerabilis,
519 1959 577 1994 cum
595 1939 801 2010 magnitudinem
819 1947 851 1997 et
869 1960 922 2014 gm-

121 2017 226 2072 vitutem
240 2035 344 2072 summae
356 2017 466 2071 fortune
482 2017 612 2081 retineret,
625 2015 743 2070 invidiam
756 2021 789 2071 et
801 2035 922 2090 arrogen-

78 2094 183 2156 73tiam
196 2095 327 2165 effugerat.
363 2093 452 2148 Funus
469 2093 523 2147 sine
539 2092 690 2163 imaginibus
706 2097 733 2146 et
748 2110 863 2164 pompa,
882 2111 924 2167 pur

99 2169 207 2224 2laudes
229 2187 258 2224 ac
278 2169 423 2224 memoriam
443 2169 569 2223 virtutum
590 2169 646 2238 ejus
667 2168 767 2223 celebre
790 2170 856 2226 suit
891 2169 924 2226 B

121 2249 194 2300 erunt
213 2246 257 2316 qui
277 2245 392 2309 formam,
414 2249 524 2310 aetatem,
545 2263 625 2315 genus
644 2244 742 2308 mortis,
763 2245 802 2301 ob
818 2247 923 2319 propin·

47 2337 49 2342 ·
121 2321 245 2389 quitatem
257 2321 334 2375 etium
345 2321 458 2376 iocorum
471 2321 499 2376 in
514 2322 606 2391 quibus
622 2320 727 2385 interiit,
739 2325 837 2394 magni
851 2325 926 2380 Alex·

99 2393 194 2450 aandri
204 2396 264 2448 istis
277 2396 445 2466 adsequerent.
471 2397 538 2450 Num
550 2402 687 2466 utrumque
695 2413 807 2466 corpore
820 2399 922 2466 decore,

122 2483 214 2533 genere
231 2469 333 2537 insigni,
346 2470 415 2523 baud
430 2471 539 2524 multum
554 2472 663 2542 triginta
678 2489 758 2526 annos
776 2491 926 2544 egressu

123 2554 226 2592 suorum
247 2543 344 2596 insidiis
369 2548 487 2600 extemes
508 2547 576 2600 inter
600 2550 690 2618 gentes
711 2549 866 2608 occidisse:
892 2556 931 2597 „t

123 2609 197 2694 hunc¹
214 2615 300 2666 mitem
319 2635 381 2684 erga
401 2621 501 2685 amieos,
522 2622 649 2676 modicum
670 2624 856 2694 voluptatum,
879 2643 928 2684 m

123 2685 290 2749 matrimonio,
308 2691 384 2743 certis
400 2692 485 2748 liberis
500 2699 598 2766 egisse;
616 2717 700 2769 neque
715 2699 806 2756 minus
827 2703 930 2774 proh·
