1860 2956
188 117 379 169 ANNALIUM
395 119 472 168 x111.
492 121 594 168 42-44.
736 118 783 170 29³

45 171 115 218 &litt

44 177 132 282 actui
163 229 222 284 Itum
238 231 309 302 jussa
328 229 473 286 Messalinus
496 227 627 302 praetendi,
652 231 679 283 et
702 227 808 292 labarae

42 293 138 384 bimulo:
154 321 195 359 cur
211 306 276 361 enim
294 307 419 361 neminem
437 305 514 360 alium
532 303 658 359 delectum
679 303 724 376 qui
742 323 786 360 sae·

41 376 99 430 nau
115 378 234 449 impudica
255 399 343 437 vocem
366 380 511 451 praeberet?
538 379 678 450 puniendos
701 398 786 436 rerum

41 449 136 534 punam
150 456 278 522 maistres,
293 457 339 512 nbi
354 457 437 528 pretia
450 456 574 510 scelernm
590 454 675 526 adepti
692 455 787 512 scelera

40 536 80 592 psa
94 527 140 583 eliis
156 530 272 603 delegeut.
315 533 402 603 Igitur
423 531 540 601 adempta
562 529 685 586 bonoram
706 537 809 604 parter

40 597 91 686 (mn
100 604 176 660 tlioet
190 609 257 678 nepti
275 627 334 681 pars
352 607 544 671 concedebatur,
563 606 787 680 eximebanturque

37 675 95 731 mm
109 697 158 750 qua
172 685 320 738 testamento
336 683 425 738 metris
443 685 488 736 aut
505 681 567 736 avia
579 687 747 754 acceperant)
761 683 788 739 iu

37 743 109 808 muas
125 755 233 814 Baleares
250 757 361 830 pellitur,
379 776 432 812 nou
451 756 552 827 inipso
571 757 721 822 discrimine,
736 776 789 814 nou

37 831 79 894 Ptol
88 829 262 899 damnationem,
275 835 373 889 fractus
382 834 465 888 auimo
473 855 481 898 ;
499 833 678 904 ferebaturque
687 834 789 904 copiosa

34 901 124 961 emolu
143 908 191 964 ulta
207 913 333 964 smretum
351 908 415 964 illud
434 909 590 964 toleravisse.
626 907 718 962 Filium
733 909 810 982 ejuss

20 1019 23 1026 ,
36 973 166 1039 tamum
177 986 300 1057 aggressis
313 984 502 1040 accusatoribus
513 1003 559 1056 per
574 983 693 1040 invidiam
709 987 789 1056 petris

34 1055 149 1114 omnmo
159 1061 360 1132 repetundarum,
373 1059 516 1116 intercessit
528 1061 652 1132 priuceps,
669 1061 790 1133 tanquam

21 1175 22 1178 η
33 1131 80 1186 aus
90 1135 179 1206 expleta
189 1138 294 1192 ultione.

37 1265 39 1272 ,
58 1207 176 1268 Paridem
188 1217 289 1285 tempus
306 1213 428 1269 Octavius
445 1212 545 1284 Sagitta
561 1211 643 1282 plebei
663 1213 836 1280 tribanus,44

32 1279 109 1342 Penus
119 1289 224 1346 mulieris
239 1293 327 1362 nupta
343 1307 537 1354 amarescens,
553 1289 700 1360 ingentibus
718 1289 791 1348 doute

31 1355 157 1418 adulterium
174 1370 199 1420 et
216 1384 283 1431 mox,
302 1369 332 1420 ut
350 1366 480 1420 omitteret
498 1364 625 1434 maribam,
642 1373 792 1435 emereatur,

31 1448 89 1490 aum
98 1442 278 1496 matrimonium
290 1442 441 1512 promittens
457 1458 487 1496 so
503 1440 606 1514 nuptiae
623 1444 677 1514 ejus
693 1447 792 1514 pactus.

30 1505 69 1566 dod
87 1513 129 1570 ubi
148 1519 235 1573 mulier
253 1535 334 1573 vacua
352 1517 410 1586 tuit,
430 1521 533 1573 nectere
548 1535 638 1584 moras,
661 1519 816 1582 adversams

29 1589 93 1672 patris
103 1593 253 1649 voluntatem
269 1593 375 1658 marui,
391 1597 542 1666 repertaque
558 1612 603 1665 spe
620 1595 719 1649 didone
735 1611 795 1649 con-

27 1664 83 1734 tagia
93 1669 210 1738 promissa
221 1687 321 1724 exuere.
357 1669 480 1724 Octavius
492 1673 581 1724 conas
592 1670 668 1725 modo
675 1670 818 1740 conqueris

27 1739 88 1794 uodo
106 1745 219 1810 minitari,
239 1745 332 1799 famam
348 1743 480 1815 perditam,
496 1745 629 1815 pecuniam
646 1746 797 1800 exhaustam

28 1811 147 1886 obtestans,
171 1821 282 1890 denique
304 1821 419 1886 salutem,
445 1839 501 1891 qaoe
525 1820 579 1876 sola
601 1821 699 1891 reliqua
721 1825 796 1889 esset,

26 1889 116 1949 trbitrio
135 1897 189 1967 ejus
212 1896 371 1968 permittens.
407 1901 446 1952 Ae
465 1899 601 1967 postquam
622 1895 820 1966 spernebatur,4

25 1969 113 2023 amem
122 1989 195 2028 uuam
212 1973 245 2026 ad
256 1972 373 2026 solatium
391 1971 480 2042 poscit,
494 1989 544 2042 qas
556 1971 681 2026 delenitus
695 1971 798 2028 modum

23 2037 177 2112 inposterum
193 2046 330 2102 adhiberet.
367 2047 496 2102 StatuItur
514 2064 573 2112 nox,
586 2049 613 2100 et
630 2047 723 2102 Pontia
739 2062 820 2108 oon⁵5

24 2117 74 2174 tois
90 2122 180 2178 ancilla
198 2121 338 2178 custodiam
355 2121 464 2178 cubiculi
478 2121 596 2177 mandat:
614 2122 657 2176 ille
673 2141 724 2177 ano
741 2141 798 2179 cum

22 2184 104 2251 liberto
114 2198 208 2253 ferrum
219 2202 291 2253 veste
303 2198 431 2254 occultum
446 2197 531 2253 infert
568 2197 641 2262 Iam,
658 2201 689 2252 ut
707 2199 822 2254 assolett

20 2265 134 2329 memore
145 2281 171 2329 et
182 2274 228 2340 ira,
238 2274 331 2346 jurgia,
344 2291 439 2344 preces,
453 2273 622 2345 exprobratio,
642 2275 800 2341 satisfactio;

23 2346 117 2416 sipara
136 2349 296 2405 tenebrarum
314 2348 418 2404 libidine
439 2351 567 2420 sepcsIta3
584 2353 611 2404 et
630 2350 702 2422 qussi
725 2350 801 2406 istino

22 2433 137 2490 cessurus,
155 2425 218 2480 nihil
234 2427 391 2479 metuentem
409 2423 476 2480 ferro
497 2424 693 2489 transverberat,
711 2429 738 2480 et
763 2442 802 2479 ao·

20 2503 157 2556 currentem
168 2501 284 2556 ancillam
295 2499 399 2555 vulnere
411 2499 544 2566 absterret,
563 2499 729 2567 cubiculoque
746 2515 802 2567 pro·

20 2575 119 2644 rumpit.
153 2577 261 2632 Postera
273 2574 314 2630 die
329 2575 463 2630 manifesta
479 2575 567 2638 cedes,
585 2573 653 2626 hand
670 2572 825 2638 ambiguusc

20 2653 165 2720 ,toroneam
183 2653 277 2723 quippe
288 2649 441 2705 mensitdsse
451 2667 504 2704 ana
514 2644 716 2702 convincebatur·
753 2641 805 2694 Sed
