<?xml version="1.0" encoding="UTF-8"?>
<!DOCTYPE html PUBLIC "-//W3C//DTD XHTML 1.0 Transitional//EN"
    "http://www.w3.org/TR/xhtml1/DTD/xhtml1-transitional.dtd">
<html xmlns="http://www.w3.org/1999/xhtml" xml:lang="en" lang="en">
 <head>
  <title>
</title>
<meta http-equiv="Content-Type" content="text/html;charset=utf-8" />
  <meta name='ocr-system' content='tesseract 3.04.00' />
  <meta name='ocr-capabilities' content='ocr_page ocr_carea ocr_par ocr_line ocrx_word'/>
</head>
<body>
  <div class='ocr_page' id='page_1' title='image "./opera04tacigoog_0052.png"; bbox 0 0 1960 2952; ppageno 0'>
   <div class='ocr_carea' id='block_1_1' title="bbox 35 122 856 244">
    <p class='ocr_par' dir='ltr' id='par_1_1' title="bbox 35 122 856 244">
     <span class='ocr_line' id='line_1_1' title="bbox 35 122 856 244; baseline 0.006 -61"><span class='ocrx_word' id='word_1_1' title='bbox 35 195 64 236; x_wconf 71' lang='lat' dir='ltr'><strong>s.</strong></span> <span class='ocrx_word' id='word_1_2' title='bbox 78 196 161 244; x_wconf 25' lang='lat' dir='ltr'><strong>Dum</strong></span> <span class='ocrx_word' id='word_1_3' title='bbox 259 134 456 188; x_wconf 71' lang='lat' dir='ltr'><strong>usnemun</strong></span> <span class='ocrx_word' id='word_1_4' title='bbox 475 139 496 186; x_wconf 92' lang='lat'><strong>1.</strong></span> <span class='ocrx_word' id='word_1_5' title='bbox 515 139 619 190; x_wconf 79' lang='lat' dir='ltr'><strong>eo-ra.</strong></span> <span class='ocrx_word' id='word_1_6' title='bbox 812 122 856 190; x_wconf 61' lang='grc' dir='ltr'><strong>ις’</strong></span> 
     </span>
    </p>
   </div>
   <div class='ocr_carea' id='block_1_2' title="bbox 8 246 889 2772">
    <p class='ocr_par' dir='ltr' id='par_1_2' title="bbox 15 246 889 1247">
     <span class='ocr_line' id='line_1_2' title="bbox 75 246 889 324; baseline 0.012 -26"><span class='ocrx_word' id='word_1_7' title='bbox 75 246 92 298; x_wconf 86' lang='lat' dir='ltr'><strong>J</strong></span> <span class='ocrx_word' id='word_1_8' title='bbox 94 264 134 300; x_wconf 76' lang='lat' dir='ltr'><strong>sni</strong></span> <span class='ocrx_word' id='word_1_9' title='bbox 146 246 292 314; x_wconf 70' lang='lat' dir='ltr'><strong>Stertinius,</strong></span> <span class='ocrx_word' id='word_1_10' title='bbox 303 250 334 305; x_wconf 85' lang='lat' dir='ltr'><strong>sd</strong></span> <span class='ocrx_word' id='word_1_11' title='bbox 347 251 520 322; x_wconf 78' lang='lat' dir='ltr'><strong>accipiendum</strong></span> <span class='ocrx_word' id='word_1_12' title='bbox 531 250 719 306; x_wconf 86' lang='lat' dir='ltr'><strong>indeditiouere</strong></span> <span class='ocrx_word' id='word_1_13' title='bbox 732 251 842 324; x_wconf 77' lang='lat' dir='ltr'><strong>Segime·</strong></span> <span class='ocrx_word' id='word_1_14' title='bbox 853 253 889 308; x_wconf 83' lang='lat'><strong>71</strong></span> 
     </span>
     <span class='ocr_line' id='line_1_3' title="bbox 33 324 842 400; baseline 0.011 -24"><span class='ocrx_word' id='word_1_15' title='bbox 33 341 97 377; x_wconf 87' lang='lat' dir='ltr'><strong>rum</strong></span> <span class='ocrx_word' id='word_1_16' title='bbox 115 324 222 378; x_wconf 79' lang='lat' dir='ltr'><strong>fratrem</strong></span> <span class='ocrx_word' id='word_1_17' title='bbox 240 327 354 397; x_wconf 86' lang='lat' dir='ltr'><strong>Segestis</strong></span> <span class='ocrx_word' id='word_1_18' title='bbox 371 329 524 398; x_wconf 73' lang='lat' dir='ltr'><strong>premissus,</strong></span> <span class='ocrx_word' id='word_1_19' title='bbox 543 329 627 400; x_wconf 86' lang='lat' dir='ltr'><strong>ipsum</strong></span> <span class='ocrx_word' id='word_1_20' title='bbox 646 329 768 384; x_wconf 84' lang='lat' dir='ltr'><strong>etlilium</strong></span> <span class='ocrx_word' id='word_1_21' title='bbox 786 331 842 400; x_wconf 87' lang='lat' dir='ltr'><strong>ejus</strong></span> 
     </span>
     <span class='ocr_line' id='line_1_4' title="bbox 32 399 865 476; baseline 0.01 -22"><span class='ocrx_word' id='word_1_22' title='bbox 32 399 66 454; x_wconf 88' lang='lat' dir='ltr'><strong>in</strong></span> <span class='ocrx_word' id='word_1_23' title='bbox 77 401 209 456; x_wconf 83' lang='lat' dir='ltr'><strong>civitstem</strong></span> <span class='ocrx_word' id='word_1_24' title='bbox 222 402 349 460; x_wconf 84' lang='lat' dir='ltr'><strong>Ubiorum</strong></span> <span class='ocrx_word' id='word_1_25' title='bbox 360 404 522 476; x_wconf 81' lang='lat' dir='ltr'><strong>perduxerat.</strong></span> <span class='ocrx_word' id='word_1_26' title='bbox 558 405 628 460; x_wconf 85' lang='lat' dir='ltr'><strong>Data</strong></span> <span class='ocrx_word' id='word_1_27' title='bbox 640 406 743 476; x_wconf 86' lang='lat' dir='ltr'><strong>utrique</strong></span> <span class='ocrx_word' id='word_1_28' title='bbox 756 407 836 473; x_wconf 84' lang='lat' dir='ltr'><strong>venia,</strong></span> <span class='ocrx_word' id='word_1_29' title='bbox 850 418 865 462; x_wconf 81' lang='lat'>2</span> 
     </span>
     <span class='ocr_line' id='line_1_5' title="bbox 30 478 840 553; baseline 0.01 -21"><span class='ocrx_word' id='word_1_30' title='bbox 30 478 112 533; x_wconf 68' lang='lat' dir='ltr'><strong>facile</strong></span> <span class='ocrx_word' id='word_1_31' title='bbox 135 479 274 550; x_wconf 76' lang='lat' dir='ltr'><strong>Segimero,</strong></span> <span class='ocrx_word' id='word_1_32' title='bbox 296 483 459 536; x_wconf 72' lang='lat' dir='ltr'><strong>cunctantius</strong></span> <span class='ocrx_word' id='word_1_33' title='bbox 478 481 538 547; x_wconf 85' lang='lat' dir='ltr'><strong>filio,</strong></span> <span class='ocrx_word' id='word_1_34' title='bbox 560 483 621 553; x_wconf 85' lang='lat' dir='ltr'><strong>quia</strong></span> <span class='ocrx_word' id='word_1_35' title='bbox 642 483 760 548; x_wconf 84' lang='lat' dir='ltr'><strong>Quintilii</strong></span> <span class='ocrx_word' id='word_1_36' title='bbox 776 485 840 540; x_wconf 86' lang='lat' dir='ltr'><strong>Vari</strong></span> 
     </span>
     <span class='ocr_line' id='line_1_6' title="bbox 30 556 864 630; baseline 0.007 -19"><span class='ocrx_word' id='word_1_37' title='bbox 30 573 131 627; x_wconf 85' lang='lat' dir='ltr'><strong>eorpus</strong></span> <span class='ocrx_word' id='word_1_38' title='bbox 147 556 259 612; x_wconf 73' lang='lat' dir='ltr'><strong>illusisse</strong></span> <span class='ocrx_word' id='word_1_39' title='bbox 277 557 415 614; x_wconf 71' lang='lat' dir='ltr'><strong>dicebatur.</strong></span> <span class='ocrx_word' id='word_1_40' title='bbox 455 559 576 614; x_wconf 81' lang='lat' dir='ltr'><strong>Ceterum</strong></span> <span class='ocrx_word' id='word_1_41' title='bbox 593 557 624 614; x_wconf 80' lang='lat' dir='ltr'><strong>sd</strong></span> <span class='ocrx_word' id='word_1_42' title='bbox 643 559 784 630; x_wconf 75' lang='lat' dir='ltr'><strong>supplenda</strong></span> <span class='ocrx_word' id='word_1_43' title='bbox 799 573 864 618; x_wconf 76' lang='lat' dir='ltr'><strong>err-³</strong></span> 
     </span>
     <span class='ocr_line' id='line_1_7' title="bbox 28 633 840 709; baseline 0.007 -21"><span class='ocrx_word' id='word_1_44' title='bbox 28 633 133 688; x_wconf 85' lang='lat' dir='ltr'><strong>ercitus</strong></span> <span class='ocrx_word' id='word_1_45' title='bbox 146 633 241 688; x_wconf 79' lang='lat' dir='ltr'><strong>damus</strong></span> <span class='ocrx_word' id='word_1_46' title='bbox 254 639 384 692; x_wconf 72' lang='lat' dir='ltr'><strong>certavere</strong></span> <span class='ocrx_word' id='word_1_47' title='bbox 400 636 497 701; x_wconf 76' lang='lat' dir='ltr'><strong>Gallio,</strong></span> <span class='ocrx_word' id='word_1_48' title='bbox 510 635 652 708; x_wconf 73' lang='lat' dir='ltr'><strong>Hispanis,</strong></span> <span class='ocrx_word' id='word_1_49' title='bbox 670 635 753 702; x_wconf 75' lang='lat' dir='ltr'><strong>Italis,</strong></span> <span class='ocrx_word' id='word_1_50' title='bbox 771 639 840 709; x_wconf 90' lang='lat' dir='ltr'><strong>quod</strong></span> 
     </span>
     <span class='ocr_line' id='line_1_8' title="bbox 27 711 864 784; baseline 0.004 -19"><span class='ocrx_word' id='word_1_51' title='bbox 27 711 129 782; x_wconf 91' lang='lat' dir='ltr'><strong>cuique</strong></span> <span class='ocrx_word' id='word_1_52' title='bbox 138 715 293 782; x_wconf 85' lang='lat' dir='ltr'><strong>promptum,</strong></span> <span class='ocrx_word' id='word_1_53' title='bbox 304 729 381 777; x_wconf 65' lang='lat' dir='ltr'><strong>uma</strong></span> <span class='ocrx_word' id='word_1_54' title='bbox 390 731 477 784; x_wconf 86' lang='lat' dir='ltr'><strong>equos,</strong></span> <span class='ocrx_word' id='word_1_55' title='bbox 486 731 583 779; x_wconf 81' lang='lat' dir='ltr'><strong>surum,</strong></span> <span class='ocrx_word' id='word_1_56' title='bbox 594 713 739 770; x_wconf 78' lang='lat' dir='ltr'><strong>offerentes.</strong></span> <span class='ocrx_word' id='word_1_57' title='bbox 770 715 864 775; x_wconf 77' lang='lat' dir='ltr'><strong>Quo-4</strong></span> 
     </span>
     <span class='ocr_line' id='line_1_9' title="bbox 24 787 839 862; baseline 0.007 -20"><span class='ocrx_word' id='word_1_58' title='bbox 24 807 91 843; x_wconf 86' lang='lat' dir='ltr'><strong>rum</strong></span> <span class='ocrx_word' id='word_1_59' title='bbox 103 787 211 843; x_wconf 84' lang='lat' dir='ltr'><strong>laudato</strong></span> <span class='ocrx_word' id='word_1_60' title='bbox 223 789 309 844; x_wconf 84' lang='lat' dir='ltr'><strong>studio</strong></span> <span class='ocrx_word' id='word_1_61' title='bbox 321 790 496 855; x_wconf 77' lang='lat' dir='ltr'><strong>Germanicus,</strong></span> <span class='ocrx_word' id='word_1_62' title='bbox 506 790 582 845; x_wconf 80' lang='lat' dir='ltr'><strong>ermis</strong></span> <span class='ocrx_word' id='word_1_63' title='bbox 595 790 670 846; x_wconf 88' lang='lat' dir='ltr'><strong>ruodo</strong></span> <span class='ocrx_word' id='word_1_64' title='bbox 682 795 710 846; x_wconf 89' lang='lat' dir='ltr'><strong>et</strong></span> <span class='ocrx_word' id='word_1_65' title='bbox 722 792 794 862; x_wconf 91' lang='lat' dir='ltr'><strong>equis</strong></span> <span class='ocrx_word' id='word_1_66' title='bbox 806 793 839 848; x_wconf 85' lang='lat' dir='ltr'><strong>ad</strong></span> 
     </span>
     <span class='ocr_line' id='line_1_10' title="bbox 23 865 863 940; baseline 0.002 -20"><span class='ocrx_word' id='word_1_67' title='bbox 23 865 130 921; x_wconf 84' lang='lat' dir='ltr'><strong>bellurn</strong></span> <span class='ocrx_word' id='word_1_68' title='bbox 147 867 267 937; x_wconf 88' lang='lat' dir='ltr'><strong>sumptis,</strong></span> <span class='ocrx_word' id='word_1_69' title='bbox 285 868 388 938; x_wconf 87' lang='lat' dir='ltr'><strong>propria</strong></span> <span class='ocrx_word' id='word_1_70' title='bbox 399 868 508 938; x_wconf 88' lang='lat' dir='ltr'><strong>pecunia</strong></span> <span class='ocrx_word' id='word_1_71' title='bbox 518 867 625 923; x_wconf 87' lang='lat' dir='ltr'><strong>militem</strong></span> <span class='ocrx_word' id='word_1_72' title='bbox 636 867 713 938; x_wconf 83' lang='lat' dir='ltr'><strong>juvit.</strong></span> <span class='ocrx_word' id='word_1_73' title='bbox 751 869 863 940; x_wconf 77' lang='lat' dir='ltr'><strong>thuell</strong></span> 
     </span>
     <span class='ocr_line' id='line_1_11' title="bbox 22 942 839 1009; baseline 0.002 -10"><span class='ocrx_word' id='word_1_74' title='bbox 22 942 113 999; x_wconf 80' lang='lat' dir='ltr'><strong>cladis</strong></span> <span class='ocrx_word' id='word_1_75' title='bbox 125 943 275 998; x_wconf 83' lang='lat' dir='ltr'><strong>memoriam</strong></span> <span class='ocrx_word' id='word_1_76' title='bbox 291 945 369 999; x_wconf 84' lang='lat' dir='ltr'><strong>etism</strong></span> <span class='ocrx_word' id='word_1_77' title='bbox 385 945 506 1000; x_wconf 77' lang='lat' dir='ltr'><strong>comitate</strong></span> <span class='ocrx_word' id='word_1_78' title='bbox 520 944 621 1009; x_wconf 86' lang='lat' dir='ltr'><strong>leniret,</strong></span> <span class='ocrx_word' id='word_1_79' title='bbox 635 944 769 1000; x_wconf 75' lang='lat' dir='ltr'><strong>cbeumire</strong></span> <span class='ocrx_word' id='word_1_80' title='bbox 782 963 839 1002; x_wconf 85' lang='lat' dir='ltr'><strong>ssu-</strong></span> 
     </span>
     <span class='ocr_line' id='line_1_12' title="bbox 19 1020 839 1092; baseline 0.004 -15"><span class='ocrx_word' id='word_1_81' title='bbox 19 1021 92 1085; x_wconf 87' lang='lat' dir='ltr'><strong>cios,</strong></span> <span class='ocrx_word' id='word_1_82' title='bbox 106 1020 181 1075; x_wconf 79' lang='lat' dir='ltr'><strong>fecta</strong></span> <span class='ocrx_word' id='word_1_83' title='bbox 192 1021 350 1092; x_wconf 85' lang='lat' dir='ltr'><strong>singulorum</strong></span> <span class='ocrx_word' id='word_1_84' title='bbox 364 1021 501 1088; x_wconf 79' lang='lat' dir='ltr'><strong>extollere3</strong></span> <span class='ocrx_word' id='word_1_85' title='bbox 520 1021 626 1077; x_wconf 77' lang='lat' dir='ltr'><strong>rudners</strong></span> <span class='ocrx_word' id='word_1_86' title='bbox 641 1022 745 1078; x_wconf 84' lang='lat' dir='ltr'><strong>intuens</strong></span> <span class='ocrx_word' id='word_1_87' title='bbox 762 1023 839 1080; x_wconf 79' lang='lat' dir='ltr'><strong>slium</strong></span> 
     </span>
     <span class='ocr_line' id='line_1_13' title="bbox 15 1097 838 1172; baseline 0.009 -21"><span class='ocrx_word' id='word_1_88' title='bbox 15 1116 84 1170; x_wconf 78' lang='lat' dir='ltr'><strong>¹spe,</strong></span> <span class='ocrx_word' id='word_1_89' title='bbox 104 1097 187 1152; x_wconf 85' lang='lat' dir='ltr'><strong>alium</strong></span> <span class='ocrx_word' id='word_1_90' title='bbox 203 1097 290 1168; x_wconf 82' lang='lat' dir='ltr'><strong>glorie,</strong></span> <span class='ocrx_word' id='word_1_91' title='bbox 308 1103 414 1154; x_wconf 83' lang='lat' dir='ltr'><strong>cunctos</strong></span> <span class='ocrx_word' id='word_1_92' title='bbox 430 1098 549 1169; x_wconf 70' lang='lat' dir='ltr'><strong>adloquio</strong></span> <span class='ocrx_word' id='word_1_93' title='bbox 565 1103 592 1154; x_wconf 82' lang='lat' dir='ltr'><strong>et</strong></span> <span class='ocrx_word' id='word_1_94' title='bbox 612 1117 675 1154; x_wconf 85' lang='lat' dir='ltr'><strong>eure</strong></span> <span class='ocrx_word' id='word_1_95' title='bbox 693 1099 792 1172; x_wconf 82' lang='lat' dir='ltr'><strong>sibique</strong></span> <span class='ocrx_word' id='word_1_96' title='bbox 810 1105 838 1158; x_wconf 85' lang='lat' dir='ltr'><strong>et</strong></span> 
     </span>
     <span class='ocr_line' id='line_1_14' title="bbox 19 1175 262 1247; baseline -0.004 -16"><span class='ocrx_word' id='word_1_97' title='bbox 19 1175 121 1247; x_wconf 71' lang='lat' dir='ltr'><strong>proelio</strong></span> <span class='ocrx_word' id='word_1_98' title='bbox 134 1175 262 1230; x_wconf 83' lang='lat' dir='ltr'><strong>firmabat.</strong></span> 
     </span>
    </p>

    <p class='ocr_par' dir='ltr' id='par_1_3' title="bbox 8 1252 884 2772">
     <span class='ocr_line' id='line_1_15' title="bbox 61 1252 884 1324; baseline 0.007 -18"><span class='ocrx_word' id='word_1_99' title='bbox 61 1253 183 1307; x_wconf 75' lang='lat' dir='ltr'><strong>Decreta</strong></span> <span class='ocrx_word' id='word_1_100' title='bbox 201 1270 231 1306; x_wconf 91' lang='lat' dir='ltr'><strong>eo</strong></span> <span class='ocrx_word' id='word_1_101' title='bbox 243 1271 309 1307; x_wconf 85' lang='lat' dir='ltr'><strong>enno</strong></span> <span class='ocrx_word' id='word_1_102' title='bbox 323 1252 488 1322; x_wconf 79' lang='lat' dir='ltr'><strong>triumphalis</strong></span> <span class='ocrx_word' id='word_1_103' title='bbox 503 1252 614 1324; x_wconf 75' lang='lat' dir='ltr'><strong>insignia</strong></span> <span class='ocrx_word' id='word_1_104' title='bbox 629 1254 661 1308; x_wconf 88' lang='lat' dir='ltr'><strong>A.</strong></span> <span class='ocrx_word' id='word_1_105' title='bbox 676 1253 790 1320; x_wconf 80' lang='lat' dir='ltr'><strong>Ooeoinoe,</strong></span> <span class='ocrx_word' id='word_1_106' title='bbox 804 1255 835 1312; x_wconf 80' lang='lat' dir='ltr'><strong>L.</strong></span> <span class='ocrx_word' id='word_1_107' title='bbox 846 1254 884 1312; x_wconf 76' lang='lat'><strong>72</strong></span> 
     </span>
     <span class='ocr_line' id='line_1_16' title="bbox 18 1328 860 1402; baseline 0.002 -16"><span class='ocrx_word' id='word_1_108' title='bbox 18 1330 157 1402; x_wconf 82' lang='lat' dir='ltr'><strong>Apronio,</strong></span> <span class='ocrx_word' id='word_1_109' title='bbox 170 1328 199 1382; x_wconf 86' lang='lat' dir='ltr'><strong>C.</strong></span> <span class='ocrx_word' id='word_1_110' title='bbox 211 1329 278 1394; x_wconf 84' lang='lat' dir='ltr'><strong>Silio,</strong></span> <span class='ocrx_word' id='word_1_111' title='bbox 292 1330 324 1384; x_wconf 91' lang='lat' dir='ltr'><strong>ob</strong></span> <span class='ocrx_word' id='word_1_112' title='bbox 334 1347 441 1385; x_wconf 77' lang='lat' dir='ltr'><strong>sescum</strong></span> <span class='ocrx_word' id='word_1_113' title='bbox 451 1329 602 1385; x_wconf 84' lang='lat' dir='ltr'><strong>Germanico</strong></span> <span class='ocrx_word' id='word_1_114' title='bbox 609 1335 703 1402; x_wconf 82' lang='lat' dir='ltr'><strong>gestes.</strong></span> <span class='ocrx_word' id='word_1_115' title='bbox 735 1332 860 1388; x_wconf 82' lang='lat' dir='ltr'><strong>Nomen2</strong></span> 
     </span>
     <span class='ocr_line' id='line_1_17' title="bbox 15 1406 837 1480; baseline 0.002 -18"><span class='ocrx_word' id='word_1_116' title='bbox 15 1409 122 1462; x_wconf 67' lang='lat' dir='ltr'><strong>Patres</strong></span> <span class='ocrx_word' id='word_1_117' title='bbox 131 1409 228 1476; x_wconf 74' lang='lat' dir='ltr'><strong>petrice</strong></span> <span class='ocrx_word' id='word_1_118' title='bbox 239 1407 362 1472; x_wconf 79' lang='lat' dir='ltr'><strong>liberius,</strong></span> <span class='ocrx_word' id='word_1_119' title='bbox 377 1406 497 1477; x_wconf 83' lang='lat' dir='ltr'><strong>apopulo</strong></span> <span class='ocrx_word' id='word_1_120' title='bbox 509 1406 604 1478; x_wconf 75' lang='lat' dir='ltr'><strong>sepius</strong></span> <span class='ocrx_word' id='word_1_121' title='bbox 617 1408 753 1480; x_wconf 84' lang='lat' dir='ltr'><strong>ingestum,</strong></span> <span class='ocrx_word' id='word_1_122' title='bbox 763 1427 837 1480; x_wconf 89' lang='lat' dir='ltr'><strong>repu-</strong></span> 
     </span>
     <span class='ocr_line' id='line_1_18' title="bbox 16 1484 837 1557; baseline 0.001 -17"><span class='ocrx_word' id='word_1_123' title='bbox 16 1484 125 1551; x_wconf 78' lang='lat' dir='ltr'><strong>diavit3</strong></span> <span class='ocrx_word' id='word_1_124' title='bbox 151 1502 236 1555; x_wconf 88' lang='lat' dir='ltr'><strong>neque</strong></span> <span class='ocrx_word' id='word_1_125' title='bbox 259 1485 286 1539; x_wconf 94' lang='lat' dir='ltr'><strong>in</strong></span> <span class='ocrx_word' id='word_1_126' title='bbox 304 1489 362 1539; x_wconf 82' lang='lat' dir='ltr'><strong>scta</strong></span> <span class='ocrx_word' id='word_1_127' title='bbox 380 1502 427 1538; x_wconf 81' lang='lat' dir='ltr'><strong>sne</strong></span> <span class='ocrx_word' id='word_1_128' title='bbox 441 1484 532 1554; x_wconf 76' lang='lat' dir='ltr'><strong>jurari,</strong></span> <span class='ocrx_word' id='word_1_129' title='bbox 552 1503 697 1557; x_wconf 79' lang='lat' dir='ltr'><strong>quenquam</strong></span> <span class='ocrx_word' id='word_1_130' title='bbox 715 1491 837 1542; x_wconf 76' lang='lat' dir='ltr'><strong>censente</strong></span> 
     </span>
     <span class='ocr_line' id='line_1_19' title="bbox 14 1560 835 1634; baseline 0 -16"><span class='ocrx_word' id='word_1_131' title='bbox 14 1566 129 1626; x_wconf 82' lang='lat' dir='ltr'><strong>senatu,</strong></span> <span class='ocrx_word' id='word_1_132' title='bbox 149 1562 274 1632; x_wconf 83' lang='lat' dir='ltr'><strong>permisit,</strong></span> <span class='ocrx_word' id='word_1_133' title='bbox 290 1565 383 1617; x_wconf 86' lang='lat' dir='ltr'><strong>cuncte</strong></span> <span class='ocrx_word' id='word_1_134' title='bbox 400 1560 546 1616; x_wconf 87' lang='lat' dir='ltr'><strong>mortalium</strong></span> <span class='ocrx_word' id='word_1_135' title='bbox 563 1562 669 1628; x_wconf 84' lang='lat' dir='ltr'><strong>incerte,</strong></span> <span class='ocrx_word' id='word_1_136' title='bbox 688 1567 835 1634; x_wconf 69' lang='lat' dir='ltr'><strong>quantoque</strong></span> 
     </span>
     <span class='ocr_line' id='line_1_20' title="bbox 15 1637 835 1711; baseline 0.001 -17"><span class='ocrx_word' id='word_1_137' title='bbox 15 1639 82 1711; x_wconf 91' lang='lat' dir='ltr'><strong>plus</strong></span> <span class='ocrx_word' id='word_1_138' title='bbox 100 1637 215 1709; x_wconf 76' lang='lat' dir='ltr'><strong>adeptus</strong></span> <span class='ocrx_word' id='word_1_139' title='bbox 229 1639 303 1703; x_wconf 87' lang='lat' dir='ltr'><strong>foret,</strong></span> <span class='ocrx_word' id='word_1_140' title='bbox 320 1642 393 1692; x_wconf 85' lang='lat' dir='ltr'><strong>tanto</strong></span> <span class='ocrx_word' id='word_1_141' title='bbox 411 1656 438 1692; x_wconf 87' lang='lat' dir='ltr'><strong>se</strong></span> <span class='ocrx_word' id='word_1_142' title='bbox 455 1639 536 1709; x_wconf 83' lang='lat' dir='ltr'><strong>magis</strong></span> <span class='ocrx_word' id='word_1_143' title='bbox 553 1638 689 1694; x_wconf 88' lang='lat' dir='ltr'><strong>inlubrico</strong></span> <span class='ocrx_word' id='word_1_144' title='bbox 706 1639 835 1695; x_wconf 81' lang='lat' dir='ltr'><strong>dictitans.</strong></span> 
     </span>
     <span class='ocr_line' id='line_1_21' title="bbox 15 1714 860 1787; baseline -0.001 -15"><span class='ocrx_word' id='word_1_145' title='bbox 15 1717 87 1772; x_wconf 89' lang='lat' dir='ltr'><strong>Non</strong></span> <span class='ocrx_word' id='word_1_146' title='bbox 96 1721 191 1770; x_wconf 86' lang='lat' dir='ltr'><strong>temen</strong></span> <span class='ocrx_word' id='word_1_147' title='bbox 199 1714 256 1770; x_wconf 90' lang='lat' dir='ltr'><strong>ideo</strong></span> <span class='ocrx_word' id='word_1_148' title='bbox 268 1715 376 1770; x_wconf 82' lang='lat' dir='ltr'><strong>faciebat</strong></span> <span class='ocrx_word' id='word_1_149' title='bbox 389 1714 463 1768; x_wconf 88' lang='lat' dir='ltr'><strong>fidem</strong></span> <span class='ocrx_word' id='word_1_150' title='bbox 478 1715 558 1770; x_wconf 85' lang='lat' dir='ltr'><strong>civilis</strong></span> <span class='ocrx_word' id='word_1_151' title='bbox 571 1716 663 1770; x_wconf 84' lang='lat' dir='ltr'><strong>unimi:</strong></span> <span class='ocrx_word' id='word_1_152' title='bbox 682 1733 740 1770; x_wconf 80' lang='lat' dir='ltr'><strong>uem</strong></span> <span class='ocrx_word' id='word_1_153' title='bbox 753 1716 860 1787; x_wconf 75' lang='lat' dir='ltr'><strong>legeuit</strong></span> 
     </span>
     <span class='ocr_line' id='line_1_22' title="bbox 13 1791 834 1864; baseline -0.004 -15"><span class='ocrx_word' id='word_1_154' title='bbox 13 1792 175 1864; x_wconf 78' lang='lat' dir='ltr'><strong>mejestatis</strong></span> <span class='ocrx_word' id='word_1_155' title='bbox 198 1792 351 1857; x_wconf 80' lang='lat' dir='ltr'><strong>reduxeret3</strong></span> <span class='ocrx_word' id='word_1_156' title='bbox 371 1791 413 1846; x_wconf 88' lang='lat' dir='ltr'><strong>cui</strong></span> <span class='ocrx_word' id='word_1_157' title='bbox 430 1809 523 1846; x_wconf 90' lang='lat' dir='ltr'><strong>nomen</strong></span> <span class='ocrx_word' id='word_1_158' title='bbox 547 1791 615 1860; x_wconf 85' lang='lat' dir='ltr'><strong>apud</strong></span> <span class='ocrx_word' id='word_1_159' title='bbox 639 1795 739 1846; x_wconf 87' lang='lat' dir='ltr'><strong>veteres</strong></span> <span class='ocrx_word' id='word_1_160' title='bbox 758 1792 834 1859; x_wconf 86' lang='lat' dir='ltr'><strong>idom,</strong></span> 
     </span>
     <span class='ocr_line' id='line_1_23' title="bbox 14 1867 835 1939; baseline -0.002 -13"><span class='ocrx_word' id='word_1_161' title='bbox 14 1870 66 1926; x_wconf 84' lang='lat' dir='ltr'><strong>sed</strong></span> <span class='ocrx_word' id='word_1_162' title='bbox 79 1870 135 1924; x_wconf 85' lang='lat' dir='ltr'><strong>alie</strong></span> <span class='ocrx_word' id='word_1_163' title='bbox 148 1869 177 1922; x_wconf 91' lang='lat' dir='ltr'><strong>in</strong></span> <span class='ocrx_word' id='word_1_164' title='bbox 186 1869 310 1939; x_wconf 87' lang='lat' dir='ltr'><strong>judicium</strong></span> <span class='ocrx_word' id='word_1_165' title='bbox 323 1867 476 1934; x_wconf 79' lang='lat' dir='ltr'><strong>veniebsnt;</strong></span> <span class='ocrx_word' id='word_1_166' title='bbox 497 1869 520 1921; x_wconf 91' lang='lat' dir='ltr'><strong>si</strong></span> <span class='ocrx_word' id='word_1_167' title='bbox 538 1868 595 1938; x_wconf 91' lang='lat' dir='ltr'><strong>quis</strong></span> <span class='ocrx_word' id='word_1_168' title='bbox 607 1867 750 1938; x_wconf 85' lang='lat' dir='ltr'><strong>proditione</strong></span> <span class='ocrx_word' id='word_1_169' title='bbox 766 1887 835 1924; x_wconf 87' lang='lat' dir='ltr'><strong>exer-</strong></span> 
     </span>
     <span class='ocr_line' id='line_1_24' title="bbox 13 1943 833 2027; baseline -0.001 -24"><span class='ocrx_word' id='word_1_170' title='bbox 13 1948 105 2003; x_wconf 86' lang='lat' dir='ltr'><strong>citum</strong></span> <span class='ocrx_word' id='word_1_171' title='bbox 125 1948 176 2000; x_wconf 81' lang='lat' dir='ltr'><strong>eut</strong></span> <span class='ocrx_word' id='word_1_172' title='bbox 191 1946 290 2016; x_wconf 85' lang='lat' dir='ltr'><strong>plebem</strong></span> <span class='ocrx_word' id='word_1_173' title='bbox 309 1943 483 2027; x_wconf 63' lang='lat' dir='ltr'><strong>seditionibus,</strong></span> <span class='ocrx_word' id='word_1_174' title='bbox 503 1944 612 2017; x_wconf 89' lang='lat' dir='ltr'><strong>denique</strong></span> <span class='ocrx_word' id='word_1_175' title='bbox 630 1945 695 2000; x_wconf 87' lang='lat' dir='ltr'><strong>male</strong></span> <span class='ocrx_word' id='word_1_176' title='bbox 713 1951 788 2017; x_wconf 80' lang='lat' dir='ltr'><strong>geste</strong></span> <span class='ocrx_word' id='word_1_177' title='bbox 805 1966 833 2002; x_wconf 87' lang='lat' dir='ltr'><strong>re</strong></span> 
     </span>
     <span class='ocr_line' id='line_1_25' title="bbox 12 2021 834 2097; baseline 0.001 -18"><span class='ocrx_word' id='word_1_178' title='bbox 12 2024 129 2097; x_wconf 85' lang='lat' dir='ltr'><strong>publiea</strong></span> <span class='ocrx_word' id='word_1_179' title='bbox 152 2023 313 2093; x_wconf 75' lang='lat' dir='ltr'><strong>majestatem</strong></span> <span class='ocrx_word' id='word_1_180' title='bbox 331 2021 419 2092; x_wconf 90' lang='lat' dir='ltr'><strong>populi</strong></span> <span class='ocrx_word' id='word_1_181' title='bbox 436 2021 556 2087; x_wconf 81' lang='lat' dir='ltr'><strong>Romani,</strong></span> <span class='ocrx_word' id='word_1_182' title='bbox 575 2022 717 2078; x_wconf 88' lang='lat' dir='ltr'><strong>minuisset.</strong></span> <span class='ocrx_word' id='word_1_183' title='bbox 753 2024 834 2080; x_wconf 84' lang='lat' dir='ltr'><strong>Facta</strong></span> 
     </span>
     <span class='ocr_line' id='line_1_26' title="bbox 12 2098 857 2174; baseline -0.006 -17"><span class='ocrx_word' id='word_1_184' title='bbox 12 2100 212 2174; x_wconf 76' lang='lat' dir='ltr'><strong>arguebantur,</strong></span> <span class='ocrx_word' id='word_1_185' title='bbox 231 2099 300 2154; x_wconf 86' lang='lat' dir='ltr'><strong>dicte</strong></span> <span class='ocrx_word' id='word_1_186' title='bbox 322 2099 425 2168; x_wconf 87' lang='lat' dir='ltr'><strong>impune</strong></span> <span class='ocrx_word' id='word_1_187' title='bbox 445 2101 525 2152; x_wconf 87' lang='lat' dir='ltr'><strong>erant.</strong></span> <span class='ocrx_word' id='word_1_188' title='bbox 575 2098 677 2154; x_wconf 84' lang='lat' dir='ltr'><strong>Primus</strong></span> <span class='ocrx_word' id='word_1_189' title='bbox 695 2101 857 2173; x_wconf 80' lang='lat' dir='ltr'><strong>Augustus4</strong></span> 
     </span>
     <span class='ocr_line' id='line_1_27' title="bbox 9 2174 833 2254; baseline -0.001 -20"><span class='ocrx_word' id='word_1_190' title='bbox 9 2177 201 2250; x_wconf 79' lang='lat' dir='ltr'><strong>cognitionem</strong></span> <span class='ocrx_word' id='word_1_191' title='bbox 211 2175 243 2231; x_wconf 89' lang='lat' dir='ltr'><strong>de</strong></span> <span class='ocrx_word' id='word_1_192' title='bbox 252 2175 356 2230; x_wconf 81' lang='lat' dir='ltr'><strong>famosis</strong></span> <span class='ocrx_word' id='word_1_193' title='bbox 365 2174 457 2229; x_wconf 86' lang='lat' dir='ltr'><strong>libellis</strong></span> <span class='ocrx_word' id='word_1_194' title='bbox 465 2175 550 2245; x_wconf 88' lang='lat' dir='ltr'><strong>specie</strong></span> <span class='ocrx_word' id='word_1_195' title='bbox 561 2175 625 2247; x_wconf 78' lang='lat' dir='ltr'><strong>legis</strong></span> <span class='ocrx_word' id='word_1_196' title='bbox 636 2176 691 2248; x_wconf 84' lang='lat' dir='ltr'><strong>ejus</strong></span> <span class='ocrx_word' id='word_1_197' title='bbox 701 2179 833 2254; x_wconf 76' lang='lat' dir='ltr'><strong>tractavit,</strong></span> 
     </span>
     <span class='ocr_line' id='line_1_28' title="bbox 10 2250 831 2324; baseline 0 -14"><span class='ocrx_word' id='word_1_198' title='bbox 10 2257 172 2311; x_wconf 83' lang='lat' dir='ltr'><strong>commotus</strong></span> <span class='ocrx_word' id='word_1_199' title='bbox 191 2252 273 2307; x_wconf 75' lang='lat' dir='ltr'><strong>Cassii</strong></span> <span class='ocrx_word' id='word_1_200' title='bbox 292 2252 379 2308; x_wconf 81' lang='lat' dir='ltr'><strong>Severi</strong></span> <span class='ocrx_word' id='word_1_201' title='bbox 392 2250 505 2318; x_wconf 91' lang='lat' dir='ltr'><strong>libidine,</strong></span> <span class='ocrx_word' id='word_1_202' title='bbox 520 2271 571 2322; x_wconf 83' lang='lat' dir='ltr'><strong>quo</strong></span> <span class='ocrx_word' id='word_1_203' title='bbox 586 2253 654 2308; x_wconf 87' lang='lat' dir='ltr'><strong>viros</strong></span> <span class='ocrx_word' id='word_1_204' title='bbox 673 2255 831 2324; x_wconf 78' lang='lat' dir='ltr'><strong>feminasque</strong></span> 
     </span>
     <span class='ocr_line' id='line_1_29' title="bbox 9 2327 831 2400; baseline -0.001 -11"><span class='ocrx_word' id='word_1_205' title='bbox 9 2331 140 2389; x_wconf 89' lang='lat' dir='ltr'><strong>illustres</strong></span> <span class='ocrx_word' id='word_1_206' title='bbox 166 2330 314 2400; x_wconf 84' lang='lat' dir='ltr'><strong>procacibus</strong></span> <span class='ocrx_word' id='word_1_207' title='bbox 338 2328 441 2398; x_wconf 89' lang='lat' dir='ltr'><strong>scriptis</strong></span> <span class='ocrx_word' id='word_1_208' title='bbox 465 2327 654 2384; x_wconf 76' lang='lat' dir='ltr'><strong>diffamaverat:</strong></span> <span class='ocrx_word' id='word_1_209' title='bbox 674 2349 734 2386; x_wconf 87' lang='lat' dir='ltr'><strong>mox</strong></span> <span class='ocrx_word' id='word_1_210' title='bbox 757 2331 831 2388; x_wconf 83' lang='lat' dir='ltr'><strong>Tibe-</strong></span> 
     </span>
     <span class='ocr_line' id='line_1_30' title="bbox 8 2404 830 2478; baseline -0.004 -12"><span class='ocrx_word' id='word_1_211' title='bbox 8 2411 80 2476; x_wconf 87' lang='lat' dir='ltr'><strong>rius,</strong></span> <span class='ocrx_word' id='word_1_212' title='bbox 102 2407 270 2463; x_wconf 76' lang='lat' dir='ltr'><strong>consultante</strong></span> <span class='ocrx_word' id='word_1_213' title='bbox 294 2405 416 2476; x_wconf 89' lang='lat' dir='ltr'><strong>Pompeio</strong></span> <span class='ocrx_word' id='word_1_214' title='bbox 440 2404 530 2459; x_wconf 84' lang='lat' dir='ltr'><strong>Macro</strong></span> <span class='ocrx_word' id='word_1_215' title='bbox 554 2410 663 2476; x_wconf 72' lang='lat' dir='ltr'><strong>praetore</strong></span> <span class='ocrx_word' id='word_1_216' title='bbox 682 2425 716 2462; x_wconf 83' lang='lat' dir='ltr'><strong>sn</strong></span> <span class='ocrx_word' id='word_1_217' title='bbox 733 2407 830 2478; x_wconf 82' lang='lat' dir='ltr'><strong>judicie</strong></span> 
     </span>
     <span class='ocr_line' id='line_1_31' title="bbox 10 2480 829 2555; baseline 0.001 -17"><span class='ocrx_word' id='word_1_218' title='bbox 10 2483 170 2555; x_wconf 76' lang='lat' dir='ltr'><strong>nisjestetis</strong></span> <span class='ocrx_word' id='word_1_219' title='bbox 181 2483 357 2546; x_wconf 83' lang='lat' dir='ltr'><strong>redderentur,</strong></span> <span class='ocrx_word' id='word_1_220' title='bbox 371 2480 524 2536; x_wconf 81' lang='lat' dir='ltr'><strong>exercendus</strong></span> <span class='ocrx_word' id='word_1_221' title='bbox 536 2482 606 2553; x_wconf 85' lang='lat' dir='ltr'><strong>leges</strong></span> <span class='ocrx_word' id='word_1_222' title='bbox 618 2501 674 2543; x_wconf 84' lang='lat' dir='ltr'><strong>esse</strong></span> <span class='ocrx_word' id='word_1_223' title='bbox 690 2483 829 2553; x_wconf 89' lang='lat' dir='ltr'><strong>respondit.</strong></span> 
     </span>
     <span class='ocr_line' id='line_1_32' title="bbox 10 2558 854 2631; baseline -0.009 -13"><span class='ocrx_word' id='word_1_224' title='bbox 10 2563 102 2619; x_wconf 82' lang='lat' dir='ltr'><strong>Hune</strong></span> <span class='ocrx_word' id='word_1_225' title='bbox 130 2578 234 2631; x_wconf 89' lang='lat' dir='ltr'><strong>qnoque</strong></span> <span class='ocrx_word' id='word_1_226' title='bbox 255 2576 404 2630; x_wconf 75' lang='lat' dir='ltr'><strong>asperavere</strong></span> <span class='ocrx_word' id='word_1_227' title='bbox 423 2558 535 2612; x_wconf 78' lang='lat' dir='ltr'><strong>carmine</strong></span> <span class='ocrx_word' id='word_1_228' title='bbox 555 2559 660 2612; x_wconf 86' lang='lat' dir='ltr'><strong>incertis</strong></span> <span class='ocrx_word' id='word_1_229' title='bbox 682 2558 854 2611; x_wconf 78' lang='lat' dir='ltr'><strong>auctoribuse</strong></span> 
     </span>
     <span class='ocr_line' id='line_1_33' title="bbox 8 2630 831 2710; baseline -0.015 -16"><span class='ocrx_word' id='word_1_230' title='bbox 8 2639 131 2710; x_wconf 64' lang='lat' dir='ltr'><strong>vulgata</strong></span> <span class='ocrx_word' id='word_1_231' title='bbox 150 2637 177 2691; x_wconf 93' lang='lat' dir='ltr'><strong>in</strong></span> <span class='ocrx_word' id='word_1_232' title='bbox 199 2637 324 2692; x_wconf 78' lang='lat' dir='ltr'><strong>saevitiam</strong></span> <span class='ocrx_word' id='word_1_233' title='bbox 343 2633 538 2704; x_wconf 84' lang='lat' dir='ltr'><strong>superbiamque</strong></span> <span class='ocrx_word' id='word_1_234' title='bbox 559 2633 623 2702; x_wconf 87' lang='lat' dir='ltr'><strong>ejus,</strong></span> <span class='ocrx_word' id='word_1_235' title='bbox 643 2635 671 2686; x_wconf 90' lang='lat' dir='ltr'><strong>et</strong></span> <span class='ocrx_word' id='word_1_236' title='bbox 687 2630 831 2684; x_wconf 87' lang='lat' dir='ltr'><strong>discordem</strong></span> 
     </span>
     <span class='ocr_line' id='line_1_34' title="bbox 11 2715 312 2772; baseline -0.013 0"><span class='ocrx_word' id='word_1_237' title='bbox 11 2733 77 2772; x_wconf 87' lang='lat' dir='ltr'><strong>cum</strong></span> <span class='ocrx_word' id='word_1_238' title='bbox 88 2717 179 2770; x_wconf 80' lang='lat' dir='ltr'><strong>matre</strong></span> <span class='ocrx_word' id='word_1_239' title='bbox 191 2715 312 2770; x_wconf 71' lang='lat' dir='ltr'><strong>animum¹</strong></span> 
     </span>
    </p>
   </div>
   <div class='ocr_carea' id='block_1_3' title="bbox 0 0 984 2952">
    <p class='ocr_par' dir='ltr' id='par_1_4' title="bbox 0 0 984 2952">
     <span class='ocr_line' id='line_1_35' title="bbox 0 0 984 2952; baseline 0 6"><span class='ocrx_word' id='word_1_240' title='bbox 0 0 984 2952; x_wconf 95' lang='lat' dir='ltr'><strong> </strong></span> 
     </span>
    </p>
   </div>
  </div>
 </body>
</html>
