1936 2968
131 437 164 500 0.
200 435 463 498 CORNELII
502 434 686 498 TAGITI

150 610 198 662 AB
222 609 380 667 EXOESSU
398 609 480 665 DIVI
500 608 655 666 AUGUSTI

58 760 761 852 ANNALIUM

147 935 261 992 LIBER
279 935 444 995 QUINTUS
462 935 637 994 DECIMUS.
693 1020 695 1026 Ι

49 1203 169 1260 lerneus
186 1223 231 1260 rer
247 1205 401 1261 Parthorum
416 1203 565 1278 Vologeses,
579 1205 689 1278 cognitis
707 1205 826 1264 Corbu-l

18 1275 75 1335 lonis
92 1282 170 1337 robus
191 1299 327 1354 regemque
345 1282 512 1355 alienigenam
529 1284 658 1355 Tigranen
675 1283 803 1339 Armenias

20 1353 164 1426 impositum,
179 1359 254 1413 simul
265 1358 344 1414 fratre
356 1359 470 1414 Tiridate
482 1359 556 1430 pulso
569 1364 684 1431 spretum
701 1361 804 1416 Arsaci-

16 1428 98 1488 darum
108 1435 242 1507 fastigium
253 1435 291 1490 ire
302 1436 385 1490 ultum
399 1436 493 1501 volens,
506 1437 682 1508 magnitudine
698 1455 800 1492 rursum

20 1504 123 1566 Romm
154 1517 181 1567 et
205 1511 320 1567 continui
342 1512 445 1567 loederis
468 1514 611 1569 reverentis
634 1513 747 1568 diversas
771 1513 803 1568 sd

19 1601 83 1642 curas
94 1587 245 1644 trahebatur
256 1608 263 1653 ;
281 1592 416 1644 cunctator
427 1589 529 1660 ingenio
542 1594 569 1644 et
582 1590 723 1644 defectione
735 1591 803 1660 Hyr-

17 1677 134 1730 canorum,
149 1665 234 1737 gentis
246 1664 343 1730 valida,
357 1666 496 1736 multisque
507 1685 538 1720 ex
552 1683 582 1720 eo
596 1665 669 1720 bellis
681 1664 802 1736 illigatus.

17 1739 94 1813 Atque
112 1743 185 1798 illum
208 1742 355 1814 ambiguum
378 1761 459 1799 novus
483 1744 587 1816 insuper
610 1743 715 1798 nuntius
739 1755 826 1800 con-2

17 1817 117 1875 tumelise
129 1819 279 1875 extimulat:
299 1819 392 1890 qnippe
408 1838 525 1890 egressus
540 1820 661 1875 Armatus
676 1819 799 1892 Tigranes

15 1891 160 1961 Adiabenos,
186 1895 369 1950 conterminam
391 1897 528 1962 ustionem,
552 1895 629 1952 latius
653 1913 683 1951 ac
704 1897 800 1952 diutins

15 1985 84 2039 quam
102 1992 148 2045 per
167 1972 300 2027 latrocinia
320 1975 483 2039 vastaverat3
505 1973 581 2044 idque
599 1973 722 2045 primores
741 1993 802 2046 gen-

14 2045 73 2103 tium
89 2067 158 2122 agre
175 2048 326 2115 tolerabant,
344 2067 375 2105 eo
392 2051 587 2122 contemptionis
604 2051 754 2107 descensum
772 2058 802 2107 ut

7 2135 41 2179 ¹ne
52 2125 115 2182 duce
128 2125 231 2198 quidem
243 2126 361 2181 Romano
378 2127 576 2193 incursarentur,
595 2127 640 2182 sed
656 2131 803 2185 temeritate

11 2199 102 2258 obsidis
115 2209 157 2258 tot
169 2222 215 2275 per
226 2221 306 2258 annos
322 2203 391 2258 inter
405 2205 531 2275 mancipis
547 2204 636 2259 habiti.
672 2207 825 2266 Ascende-3

6 2273 51 2333 tn
62 2279 176 2336 dolorem
189 2298 277 2335 eorum
288 2280 456 2348 Monobazus,
469 2299 544 2352 quem
556 2281 633 2352 peries
643 2281 803 2338 Adiabemim

7 2356 128 2427 regimen,
151 2355 220 2428 quod
238 2356 384 2427 praesidium
405 2361 450 2412 aut
468 2357 536 2412 unde
553 2363 661 2428 peteret,
680 2361 803 2432 rogitans.

7 2429 65 2487 lem
84 2433 117 2489 da
136 2433 258 2488 Armenia
279 2451 436 2499 concessum,
458 2435 574 2504 proxima
596 2436 679 2503 trahi;
704 2441 731 2492 et
754 2437 826 2491 uisis

5 2507 146 2566 defendent
165 2509 264 2575 Parthi,
282 2509 363 2565 levius
379 2510 512 2564 servitium
529 2511 596 2582 apud
614 2512 745 2568 Romanos
761 2512 804 2565 de-

8 2583 68 2643 ditis
87 2607 165 2660 quam
183 2588 265 2658 captis
285 2606 348 2642 esse.
385 2587 511 2644 Tiridates
533 2608 634 2660 quoque
652 2590 726 2660 regni
746 2601 825 2658 pro-5

8 2661 84 2736 fugos
96 2683 144 2736 per
155 2664 285 2720 silentium
297 2667 342 2718 sut
353 2664 452 2719 modice
467 2665 596 2734 querendo
614 2664 714 2733 gravior
732 2667 801 2714 erat:

7 2741 148 2798 nonenim
167 2740 269 2810 ignavia
289 2757 381 2811 magna
403 2738 510 2809 imperia
533 2738 673 2804 contineri,
691 2736 803 2792 virorum

27 2835 194 2880 rumorum,
418 2829 435 2870 z
