1960 2952
127 121 143 166 4
460 115 579 162 TACITI

762 183 797 229 [a.
808 181 865 219 uc.
875 178 919 220 tet.

101 241 223 294 itionem
247 245 274 293 et
298 246 409 294 secretas
429 239 561 292 lubidines
587 239 753 291 meditatum.
790 238 923 290 Accedere

123 323 236 369 matrem
247 317 369 369 muliebri
379 317 549 385 impotentia:
562 313 728 367 serviendum
740 313 846 365 feminae
859 313 923 364 duo-

124 392 229 460 busque
245 393 353 460 insuper
368 391 584 457 adolescentibus,
597 391 711 458 quirem
727 389 864 458 publicam
882 388 923 440 in·

125 468 204 520 terim
215 475 342 536 premant,
355 468 511 536 quandoque
524 467 683 518 distrahant.

102 543 119 599 5
162 549 228 602 Haec
242 555 322 618 atque
329 550 394 602 talia
402 549 565 617 agitantibus
575 565 726 616 gravescere
738 547 858 600 valitudo
868 549 925 600 Au-

104 641 119 687 2
126 625 198 692 gusti
211 643 217 688 ς
236 630 263 677 et
275 625 384 692 quidam
396 625 480 678 scelus
492 625 582 676 uxoris
595 622 787 691 suspectabant.
819 623 926 690 Quippe

125 717 216 752 rumor
227 701 374 766 incesserat,
386 718 483 769 paucos
494 706 556 752 ante
568 716 670 750 menses
683 701 842 765 Augustum,
855 699 925 750 elec-

126 775 161 827 tis
178 776 287 828 consciis
304 781 331 829 et
343 777 438 828 comite
455 793 509 827 uno
528 775 609 827 Fabio
630 774 756 838 Maximo,
769 774 927 826 Planasiam

126 849 232 896 vectum
244 844 279 896 ad
291 844 429 896 visendum
438 844 598 911 Agrippam
610 843 709 894 multas
721 843 776 894 illic
788 843 928 910 utrimque

127 919 248 972 lacrimas
261 926 288 971 et
300 920 376 986 signa
392 920 517 984 caritatis,
531 935 657 986 spemque
670 935 704 970 ex
720 935 750 970 eo
767 919 822 970 fore
838 923 871 969 ut
879 921 927 986 ju-

106 995 202 1048 3venis
215 995 354 1062 penatibus
364 996 407 1046 avi
413 995 574 1047 redderetur.
600 994 676 1057 Quod
687 994 836 1045 Maximum
846 994 928 1045 uxori

106 1070 236 1124 lMarciae
254 1071 392 1137 aperuisse,
410 1071 485 1122 illam
503 1070 592 1122 Liviae.
629 1069 746 1121 Gnarum
762 1068 790 1120 id
809 1069 928 1133 Oeesari3

128 1163 214 1214 neque
224 1146 309 1197 multo
322 1151 381 1213 post
390 1147 522 1198 exstincto
532 1145 658 1210 Maximo,
671 1144 793 1213 (dubium
805 1161 840 1197 an
852 1162 928 1212 quae-

129 1222 179 1273 sita
200 1219 303 1289 morta)
322 1221 426 1273 auditos
446 1221 475 1272 in
495 1222 587 1273 funere
606 1223 662 1288 ejus
681 1221 789 1273 Marciae
807 1221 928 1287 gemitus

107 1302 211 1351 tremet
222 1297 375 1363 incusantis,
387 1297 457 1364 quod
469 1314 549 1348 eausa
561 1297 637 1348 exitii
649 1297 744 1348 marito
755 1297 856 1348 fuisset.
876 1297 929 1349 Ut-
971 1329 974 1338 .

130 1390 234 1441 cunque
246 1391 272 1425 se
289 1390 321 1426 ea
335 1390 376 1424 res
392 1372 494 1439 habuit,
506 1373 618 1424 vixdum
635 1373 768 1440 ingressus
784 1372 929 1439 Illyricum

130 1447 249 1500 Tiberius
264 1448 381 1516 properis
396 1449 489 1500 matris
504 1447 601 1503 litteris
617 1449 737 1511 accitur;
755 1464 841 1517 neque
859 1449 929 1501 satis

130 1529 291 1592 compertum
308 1528 355 1590 est,
367 1523 511 1592 spirantem
524 1524 611 1575 adhuc
624 1524 776 1590 Augustum
792 1523 864 1590 apud
882 1541 929 1576 ur-

107 1597 189 1655 6bem
204 1599 300 1651 Nolam
316 1615 351 1650 an
366 1600 516 1652 exanimem
531 1600 683 1667 reppererit.
719 1597 833 1650 Acribus
849 1615 928 1652 nam-

130 1692 181 1743 que
197 1674 323 1728 custodiis
338 1674 445 1727 domum
457 1681 484 1728 et
501 1676 557 1728 vias
575 1680 689 1743 sepserat
705 1673 798 1737 Irivia3
816 1673 929 1742 laetique

129 1750 263 1803 interdum
274 1750 363 1801 nuntii
373 1749 560 1817 vulgabantur,
570 1750 652 1802 donec
664 1749 776 1817 provisis
788 1765 847 1817 quae
859 1755 930 1802 tern-

130 1843 180 1894 pus
200 1825 332 1888 monebat,
353 1825 431 1877 simul
452 1826 592 1878 excessisse
612 1826 766 1892 Augustum
786 1830 813 1877 et
836 1841 929 1878 rerum

131 1901 212 1968 potiri
223 1900 353 1953 Neronem
364 1901 436 1953 fama
448 1901 540 1954 eadem
552 1901 624 1953 tulit.

106 1972 126 2028 6
178 1975 298 2027 Primum
320 1975 423 2027 facinus
451 1977 513 2029 novi
536 1977 702 2045 principatus
725 1975 779 2028 fuit
803 1975 929 2030 Postumi

132 2051 257 2119 Agrippae
275 2051 377 2115 coedes;
394 2068 473 2119 quem
493 2051 616 2119 ignarum
633 2051 815 2119 inermumque
833 2068 929 2118 quam·

8 2171 11 2177 .
109 2128 172 2180 2vis
188 2126 307 2178 firmatus
324 2127 412 2179 animo
429 2128 548 2180 centurio
565 2143 634 2194 segre
648 2126 769 2180 confecit.
803 2127 883 2179 Nihil
895 2127 928 2181 de

131 2219 162 2256 ea
179 2219 207 2254 re
225 2200 345 2254 Tiberius
363 2203 435 2271 apud
453 2208 575 2256 senatum
593 2203 733 2255 disseruit:
751 2203 836 2271 patris
849 2205 928 2271 jussa

131 2277 280 2343 simulabat,
292 2277 389 2346 quibus
404 2278 605 2347 praescripsisset
622 2277 729 2330 tribuno
741 2278 869 2330 custodiae
882 2280 928 2332 ad-
961 2339 962 2342 Ἴ

131 2354 223 2422 posito,
235 2370 269 2405 ne
282 2359 450 2406 cunctaretur
461 2354 607 2422 Agrippam
619 2360 703 2405 morte
714 2353 834 2420 adficere,
842 2371 928 2422 quan·

132 2429 218 2497 doque
234 2429 290 2496 ipse
306 2445 457 2497 supremum
478 2429 549 2483 diem
564 2429 729 2498 explevisset.
764 2429 855 2483 Multa
872 2431 927 2483 sine

110 2504 213 2558 adubio
237 2521 358 2572 saevaque
382 2506 519 2573 Augustus
544 2506 577 2558 de
603 2505 720 2576 moribus
751 2505 926 2558 adolescentis

133 2585 248 2649 questus,
267 2586 299 2632 ut
316 2581 427 2632 exilium
444 2583 500 2649 ejus
519 2586 624 2634 senatus
643 2583 762 2634 consulto
780 2582 927 2635 sanciretur

136 2654 294 2724 perfecerat:
313 2661 429 2710 ceterum
439 2657 467 2710 in
477 2658 577 2712 nullius
589 2675 707 2727 unquam
717 2675 824 2714 suorum
835 2675 926 2713 necem
