1936 2968
131 128 180 176 822
473 125 596 176 reem

755 188 802 248 [Δ.
812 187 843 228 U.
852 189 876 228 (ι.
885 189 935 230 814.

82 241 118 296 37
130 241 168 302 ut,
181 239 267 292 certus
278 239 393 303 euentus,
406 235 544 292 Suetonius
556 237 628 292 duret
640 254 731 308 pugne
741 236 855 308 signum.
893 240 936 294 Ae

129 314 239 384 primum
256 315 323 385 legio
335 313 416 385 gradu
427 313 540 378 immota,
554 320 581 369 et
594 313 724 401 angustias
740 313 792 368 loci
808 333 858 383 pro
875 334 935 370 mu-

129 390 301 445 mmentot
260 395 301 446 ret
301 391 382 455 inens,
399 393 537 460 postquam
553 391 658 461 propius
675 408 832 461 suggressus
849 391 937 446 hostis

106 470 200 521 ucerto
210 468 310 537 jactui
298 467 351 522 tela
365 467 526 532 exhauserat,
542 467 613 522 velut
601 472 710 522 tcuneo
726 467 823 537 erupit.
859 467 937 524 Irieus

130 542 306 598 auxiliarium
299 547 378 614 impet
379 562 425 609 us;
443 547 470 598 ιι
479 561 557 614 eques
566 546 670 614 protent
658 543 782 598 tishastis
794 543 936 615 perfringit

106 619 199 690 equod
210 618 314 674 obvium
326 625 353 675 et
368 619 481 674 validum
497 623 560 676 erat.
597 619 684 674 Ceteri
701 623 776 690 terga
791 620 936 690 prebuere,

131 695 225 752 difficili
236 697 338 767 cisurgio,
352 697 412 766 quia
423 696 587 767 circumjecta
597 695 713 750 vehicula
725 700 870 766 sepserant
883 695 937 750 abi·

106 777 182 829 stus
217 773 252 828 ut
269 773 342 827 miles
359 791 393 826 ne
410 771 545 826 mulierum
561 772 663 843 quidem
678 772 735 827 neci
752 772 936 842 temperubet;

131 849 279 919 confixaque
291 849 350 904 telis
358 849 436 904 etiam
442 851 562 918 jumenta
570 865 704 918 corporum
713 848 849 902 cumulum
861 866 937 904 auae

107 937 121 982 6
131 929 197 981 rant.
234 925 310 980 Clara
320 929 346 980 et
359 925 471 995 antiquis
483 925 597 980 victoriis
612 943 659 996 pur
670 941 701 979 ιι
712 923 754 978 die
772 923 833 978 lans
845 929 937 995 parts:

132 1002 226 1073 quippe
250 1005 311 1056 sunt
335 1001 380 1072 qui
401 1001 580 1072 paulominus
604 1020 680 1072 quam
702 1000 840 1071 octoginta
860 1001 938 1057 millia

132 1078 317 1132 Britannorum
337 1077 589 1144 cecidissetrudant,
610 1077 722 1132 militnm
739 1077 938 1149 quadringentis

131 1160 212 1214 ferme
231 1158 382 1223 interfectis,
395 1176 443 1214 nec
463 1159 546 1215 multo
561 1159 669 1230 amplius
686 1157 849 1213 vulneratis:
869 1159 939 1214 Bou·

108 1246 122 1292 6
133 1239 204 1294 dices
215 1238 294 1293 ιιιιιιι
309 1257 407 1294 veneno
419 1239 510 1296 finivit.
547 1241 583 1295 Et
595 1240 700 1294 Poenius
717 1240 865 1295 Postumus
876 1259 939 1312 pm-

132 1315 217 1370 fectus
230 1318 372 1369 castrorum
389 1315 507 1371 secunde
523 1315 639 1388 legionis,
652 1315 763 1404 cognitis
778 1317 939 1387 quartadeci-

134 1408 269 1446 manorum
284 1391 545 1462 vicesimanorumque
558 1392 687 1462 prosperis
701 1390 790 1456 rebus,
804 1393 869 1462 quia
885 1393 952 1467 pari*

134 1467 216 1538 gloria
232 1466 358 1554 legionem
379 1485 451 1520 suam
468 1465 630 1522 fiaudeverot
648 1467 829 1538 abnueratque
849 1473 938 1524 contra

133 1543 214 1597 ritum
225 1543 322 1597 militiae
331 1543 404 1613 jussa
415 1542 495 1607 ducis,
508 1561 536 1597 se
548 1543 632 1633 ipsum
643 1542 729 1614 gladio
741 1545 884 1616 transegit.

88 1623 124 1676 38
169 1619 324 1674 Contractus
336 1617 427 1673 deinde
439 1619 521 1673 omnis
533 1619 670 1684 exercitus,
683 1618 732 1674 sub
744 1619 861 1689 pellibus
873 1619 938 1675 habi·

133 1698 232 1750 tuaest
249 1695 282 1749 ed
298 1693 396 1764 reliqua
411 1693 471 1749 belli
487 1694 663 1766 perpetranda.
699 1695 839 1766 Auxitque
856 1697 938 1767 copias

134 1771 221 1826 Cacsar
232 1771 316 1826 missis
335 1788 367 1825 ex
385 1771 522 1825 Germania
538 1770 637 1825 duobus
651 1771 857 1840 legionariorum
870 1771 937 1826 milli

133 1846 191 1912 bus,
215 1851 274 1902 ceto
246 1847 457 1902 tauriliarium
479 1846 626 1902 cohortibus
645 1864 675 1901 ac
697 1846 768 1901 mille
790 1848 936 1918 equitrbns;

134 1941 243 1994 quorum
255 1922 368 1978 adventu
383 1922 478 1978 nonani
494 1923 632 1992 legionario
646 1922 711 1978 milit
699 1925 728 1976 te
739 1923 859 1994 suppleti
870 1927 936 1978 sunt

112 1999 261 2060 ιῦοιιοιιιι
285 1999 381 2069 aloeqne
404 1998 477 2053 novis
500 1998 670 2053 hibernaculis
693 1997 793 2063 loeta,
820 1999 936 2070 quodque

135 2075 268 2130 nationum
286 2075 434 2145 ambiguum
457 2077 503 2128 ιιιι
524 2073 658 2129 adversum
673 2073 767 2139 fuerat,
787 2075 847 2145 igni
864 2081 936 2146 atquo

111 2150 205 2204 tierr'o
216 2154 342 2206 vastatur.
379 2149 429 2204 Sed
447 2149 511 2203 nibil
529 2167 692 2220 nequequam
710 2149 794 2205 fames
811 2151 936 2222 affligebat

136 2227 248 2282 serendis
266 2226 384 2298 frugibus
399 2225 548 2294 incuriosos,
564 2229 591 2281 et
608 2225 677 2280 omni
694 2228 773 2280 aetate
790 2225 825 2280 ιιι
846 2227 935 2282 bellun

110 2314 215 2366 4versa,
229 2301 289 2356 dum
301 2305 403 2356 nostros
418 2307 575 2356 commeatus
587 2300 636 2356 sibi
651 2301 792 2356 destinant.
832 2303 936 2358 Gentes-

134 2395 184 2444 que
195 2377 372 2445 praeierocest
360 2376 459 2430 tardius
477 2377 510 2430 ad
522 2395 610 2446 pacem
625 2377 756 2444 inclinant,
776 2378 935 2447 quianullus

134 2449 311 2512 classicianus,
325 2469 457 2506 successor
470 2451 521 2506 (lat
509 2452 643 2506 tomiasns
654 2456 682 2508 et
693 2417 822 2508 Suetonio
835 2455 933 2517 dmeors

133 2521 457 2594 bonumpublicumprivat
458 2527 480 2580 is
445 2527 577 2581 tsimult
579 2527 663 2582 atibus
670 2527 839 2599 impediebat,
847 2531 935 2601 disper*

133 2599 252 2663 seratque
269 2613 365 2650 novum
376 2599 494 2668 legatum
506 2601 690 2672 opperiendum
702 2621 768 2668 csse,
782 2605 843 2660 sine
854 2604 935 2661 bosun

132 2664 171 2718 ira
188 2671 215 2722 et
228 2669 347 2736 superbia
363 2673 470 2728 victoris
488 2676 629 2733 elementer
643 2678 736 2735 dedifis
748 2681 934 2737 ιιιιιιιιιιιιιιιι.
