1866 2944
123 111 158 164 98
423 157 426 161 ,
465 109 586 160 ΤΔΟΙΤΙ

760 171 801 220 [s.
813 173 843 213 u.
852 173 874 212 c.
883 173 922 215 rra

124 218 284 282 interuentu
295 219 396 275 invidis
408 219 498 276 domus
514 220 571 274 foro
586 217 728 284 imminens,
741 219 817 276 festa
829 228 924 290 ornatu,

125 295 319 366 conviviumque
336 299 363 350 et
381 296 469 366 epulae,
481 300 508 351 et
526 295 673 351 celebritate
689 295 741 350 loci
757 297 828 354 nihil
847 299 924 354 occul·

81 373 189 431 lotum.
224 372 333 430 Postera
344 372 385 428 die
396 371 527 430 Fulcinius
541 372 602 427 'li-io
613 372 734 426 Pisonem
748 374 824 444 apud
840 393 924 430 eonsu-

103 449 162 506 2les
181 449 328 520 postulavit.
365 448 462 504 Contra
472 448 593 504 Vitellius
609 466 639 504 ac
650 448 782 504 Veranius
796 452 924 523 eamque

126 526 305 582 &manicam
334 525 450 580 couriteti
477 524 623 589 tendebant,
647 524 731 580 nullas
755 543 819 582 esse
844 533 925 598 partes

125 602 228 669 Tricam
253 620 337 673 neque
357 620 385 658 se
406 607 573 666 secmatores,
595 600 641 656 sed
664 619 751 656 rerum
777 603 878 660 indioes
900 608 925 659 et

105 682 215 744 stestes
239 678 359 734 maudsts
382 678 533 742 Germanici,
557 677 707 748 perlaturos.
744 678 800 734 Ille
825 680 926 736 dimissa

125 755 182 827 ejus
199 773 282 812 musae
298 755 432 820 delatione,
444 759 475 810 nt
493 755 602 825 priorem
613 755 691 810 vitam
706 761 848 812 accusaret
864 757 924 812 obii

124 833 190 900 nisit,
201 832 361 904 petitumque
373 836 413 888 est
431 850 447 886 s
461 831 582 903 principe,
595 830 769 902 cognitionem
788 835 923 905 exciperet

103 908 203 969 ednod
215 927 247 964 ne
259 927 318 964 reus
331 908 433 980 quidem
440 907 574 972 abnuebat,
585 907 671 962 studia
681 908 774 978 populi
787 915 818 966 et
827 915 924 981 petrum

124 989 256 1042 metuens:
278 990 368 1041 contra
385 985 514 1040 liberium
531 983 679 1055 spernendis
695 986 852 1044 rumoribus
869 987 923 1042 vali

124 1061 193 1127 dum,
207 1065 234 1118 et
245 1062 407 1118 conscientie
419 1062 508 1116 matris
520 1061 642 1118 innexum
656 1078 728 1116 esse:
747 1080 870 1136 veraque
883 1067 924 1118 aut

123 1139 152 1196 in
163 1139 276 1195 deterius
285 1139 383 1198 credits
392 1138 478 1210 judice
490 1138 521 1194 ab
534 1156 586 1194 uno
597 1137 696 1194 facilius
706 1136 834 1208 discerni,
843 1141 924 1196 odium

102 1220 151 1273 tet
168 1215 287 1272 iuvidiam
306 1215 374 1286 apud
390 1215 485 1270 multos
502 1214 593 1270 valere.
629 1214 710 1270 Haud
726 1214 841 1274 fallebat
859 1217 924 1273 'libe

124 1293 191 1348 mum
202 1293 281 1348 moles
290 1293 451 1363 cognitionis,
465 1309 566 1362 quaque
577 1291 632 1363 ipse
643 1291 711 1346 fama
725 1290 924 1352 distraheretur.

99 1370 210 1442 olgitur
226 1370 313 1442 paucis
327 1369 489 1424 familiarium
506 1368 627 1424 adhibitis
644 1368 726 1424 mines
745 1372 925 1428 musantia

124 1451 152 1506 et
166 1449 226 1506 bino
241 1465 328 1519 preces
346 1446 425 1512 audit,
437 1446 616 1517 integramque
632 1462 735 1502 causam
754 1447 793 1503 ad
811 1453 925 1506 sermm

78 1529 113 1586 11
124 1526 240 1582 remittit.
276 1527 363 1596 Atque
374 1523 478 1579 interim
489 1523 592 1578 Drusus
603 1521 704 1578 rediens
716 1521 838 1594 illyrico,
852 1543 924 1597 qusn-

124 1621 200 1675 quam
211 1605 297 1674 patres
315 1601 474 1658 censuissent
486 1599 519 1654 ob
535 1602 667 1670 receptum
683 1598 924 1660 Maroboduum&

123 1699 165 1736 res
176 1679 259 1751 priore
271 1682 360 1734 astate
371 1681 458 1749 gestas
470 1680 500 1732 ut
511 1693 590 1732 ovmus
608 1675 693 1740 iniret,
706 1677 816 1746 prolato
832 1680 925 1736 honus

102 1756 213 1814 2urbem
224 1755 343 1812 intravit·
373 1755 506 1824 Postque
521 1771 566 1808 reo
577 1753 609 1808 L.
619 1753 787 1820 Arruntium,
801 1756 842 1812 Μ.
857 1756 924 1812 Vini·

123 1835 191 1893 oium
215 1833 334 1889 Asinium
355 1831 464 1896 Gallum,
485 1829 650 1885 Eserninum
670 1829 841 1899 Marcellum,
870 1835 922 1890 sar

120 1911 271 1981 Pompeium
282 1913 403 1981 patronos
414 1907 520 1978 petenti,
528 1907 610 1976 iisqne
619 1905 719 1962 diversa
726 1912 923 1976 exuumfibu,

120 1988 160 2044 M.
173 1987 287 2060 Lepidus
305 1990 332 2042 et
350 1987 382 2042 h.
395 1985 457 2040 Piso
474 1988 501 2040 et
516 1983 649 2040 Livineius
666 1983 792 2056 Regulus
811 1987 922 2050 dinan

120 2069 220 2122 arrecta
239 2064 309 2120 omni
328 2063 440 2127 civitate,
459 2064 555 2132 quanta
574 2059 636 2115 fidas
657 2061 748 2116 amicis
768 2064 923 2128 Germanici,

120 2160 177 2214 quae
197 2141 290 2197 fiducia
309 2157 368 2205 reo;
387 2139 462 2194 satin’
482 2137 611 2194 cohiberet
629 2153 659 2192 ac
680 2145 815 2207 premeret
835 2157 923 2197 am

98 2230 180 2276 senos
200 2217 323 2274 liberius.
359 2213 932 2287 Haudaliusintentiorpoprdnsplussibi'n¹

119 2295 259 2364 principem
270 2294 378 2349 occultae
389 2291 458 2347 vocis
471 2295 516 2346 aut
528 2289 665 2360 suspicacis
676 2290 779 2348 silentii
796 2296 923 2365 permisi.

76 2369 286 2425 misissemus
299 2368 386 2422 (iasar
396 2368 538 2422 orationem
548 2366 638 2422 habuit
649 2365 780 2424 meditato
795 2375 923 2444 temps*

98 2445 214 2497 smeutc.
249 2443 335 2496 Patris
358 2441 400 2496 sui
422 2442 536 2512 legatum
559 2446 636 2514 atque
660 2442 775 2500 amioum
799 2446 922 2506 Pisana

120 2514 207 2576 fuisse,
229 2515 423 2584 adjutoremque
441 2518 592 2574 Germanico
613 2517 702 2572 datum
721 2537 738 2574 a
757 2539 796 2586 se,
820 2529 923 2581 suetus

120 2591 220 2648 senatu,
244 2587 320 2641 rebus
344 2589 411 2658 apud
435 2592 567 2648 Orientem
591 2593 818 2654 administrandis.
872 2599 923 2656 ΠΒ

10 2691 30 2738 3
104 2658 278 2713 coutumacia
294 2665 320 2714 et
337 2665 517 2722 concumbes
534 2673 677 2739 asperasset
692 2670 829 2741 juvenem
847 2678 925 2734 arita-
