1860 2956
11 29 13 138 l

41 175 157 242 aonam]

198 129 391 181 ANNALlUM
408 121 470 181 XII.
488 132 591 181 48-62
736 133 783 182 259

39 237 92 302 deti,
107 243 235 310 patientiam
252 244 407 314 abrumpunt
423 244 549 314 armisque
566 241 663 314 regiam
680 239 785 296 menm-

36 315 122 370 rtniunt.
153 319 202 374 Nee
217 321 284 376 aliud
300 319 469 376 Rhadamisto
487 319 627 374 subsidium
643 319 694 373 suit
710 324 831 388 quamdi

35 393 141 458 pernicitas
156 412 277 467 equorum,
297 407 354 468 quis
372 413 450 467 seque
468 399 495 450 et
514 396 648 468 eonjugem
671 395 785 449 abstulit.

36 465 72 520 ded
81 471 158 541 ponpa
168 474 267 544 gravida
278 475 384 545 primam
397 479 529 543 utcumque
541 473 629 544 fugam
644 471 677 527 ob
689 476 813 528 metuont

34 541 126 600 hostilem
136 553 159 602 et
168 551 248 604 mariti
257 551 390 605 caritatem
401 550 520 604 toleravit
530 571 536 614 ;
555 553 613 620 post
625 549 788 604 festinatione

34 622 134 689 mutiana,
151 626 193 680 ubi
209 627 278 696 quati
295 631 384 681 uterus
403 629 429 681 et
447 628 545 680 visoera
559 625 699 694 vrhrantur,
716 643 789 680 orara

33 699 136 754 murone
154 701 255 757 honesta
275 703 435 758 contumeliis
453 703 609 773 captivitatis
627 703 788 757 eximeretur.

33 770 145 845 [lepino
156 779 275 849 amplecti,
293 780 408 843 allevare,
427 778 562 843 adhortari,
578 777 652 834 mo'do
669 779 814 838 virtutem3

32 847 138 919 ululans,
151 855 221 909 modo
232 856 324 910 timore
337 873 413 926 aeger,
426 873 459 910 ne
478 857 535 926 quis
551 855 640 910 relicta
652 859 789 926 poteretur.

30 923 138 1000 Postremo
160 931 277 986 violentia
299 933 400 996 amoris,
425 937 452 986 et
476 933 616 986 facinorum
639 951 692 986 non
711 931 816 1000 rudis,4

30 999 141 1078 detumit
161 1009 291 1072 acinacem,
313 1008 522 1078 vulneratamque
541 1009 622 1080 ripam
643 1009 675 1062 ad
700 1009 791 1062 Araxis

29 1079 97 1148 tant,
106 1084 199 1139 lumini
210 1084 296 1149 tradit,
309 1087 340 1138 ut
352 1101 444 1156 eorpus
456 1086 533 1139 etiam
545 1085 696 1139 auferretur.
732 1085 793 1157 Ipse

29 1170 118 1230 preoeps
129 1159 214 1215 Iberos
226 1161 259 1216 ad
274 1162 386 1232 patrium
404 1179 511 1232 regnum
528 1161 649 1231 pervadit.
686 1161 818 1221 interime

29 1229 141 1291 Zenobiam
154 1237 190 1306 (id
201 1238 301 1292 mulieri
312 1239 423 1305 nomen)
441 1237 539 1309 plaeida
554 1237 640 1294 illuvie
656 1238 795 1308 spirantem

28 1323 50 1362 aa
64 1311 114 1368 vitae
137 1314 293 1369 manifestam
317 1314 448 1369 advertere
471 1318 601 1385 pastores;
620 1319 646 1370 et
670 1316 795 1386 dignitate

27 1383 97 1443 furum
117 1391 183 1445 haud
207 1391 357 1462 degenerem
385 1395 533 1460 reputantes
557 1391 671 1463 obligant
695 1393 794 1457 vulnus,

26 1466 118 1534 arara
132 1467 297 1521 medicamina
320 1466 447 1532 adhibent,
469 1467 621 1539 cognitoque
645 1469 745 1524 nomino
769 1472 796 1523 et

25 1550 74 1595 esu
93 1543 119 1599 in
140 1544 229 1599 urbem
252 1545 378 1598 Artaxata
400 1543 502 1609 ierunt;
521 1545 588 1600 unde
612 1545 713 1617 publica
736 1563 798 1600 eura

23 1613 118 1750 ἔξω
135 1621 166 1676 ad
183 1619 322 1686 Tiridaten,
341 1621 496 1692 eomiterque
515 1627 621 1693 excepta
638 1623 709 1678 oultu
728 1621 797 1694 regio

65 1695 96 1751 'ta
106 1701 151 1752 est.

51 1771 137 1829 Fausto
151 1774 228 1840 Sulla,
243 1773 326 1828 Salvio
338 1773 441 1829 Othone
454 1775 609 1840 consualibus,
621 1775 714 1830 Furius
732 1775 798 1831 Seri·
808 1783 845 1838 52

23 1844 130 1906 maianus
149 1853 177 1906 in
196 1851 301 1906 exilium
321 1851 413 1922 agitur,
429 1853 502 1922 quasi
517 1852 593 1906 finem
612 1853 732 1924 principis
754 1865 872 1924 pert-⁰1¹·

21 1923 139 1984 [lhaldeos
164 1932 329 1983 scrutaretur.
385 1927 578 1984 Anneetebatur
601 1930 699 1984 crimini
722 1909 859 1994 Juniaplll'

21 2007 93 2059 mater
109 2007 171 2078 ejus
188 2014 219 2059 ut
240 2021 313 2059 casus
334 2005 426 2076 prioris
446 2007 515 2075 (nam
535 2005 648 2077 relegata
663 2007 738 2076 erat)
756 2007 841 2062 im-il·

18 2081 117 2149 patiens.
152 2083 233 2137 Pater
246 2081 404 2136 Scriboniani
416 2081 538 2136 Camillus
553 2099 623 2136 arma
639 2101 685 2154 per
701 2083 827 2138 Delma-2

18 2155 74 2212 tiam
93 2163 223 2225 moverat3
242 2157 319 2229 idque
340 2159 373 2212 ad
392 2158 551 2212 elementiam
572 2159 689 2214 trahebat
709 2159 803 2226 Caesar,

18 2235 80 2304 qood
103 2236 209 2306 stirpem
234 2234 354 2289 hostilem
377 2234 470 2290 itemm
496 2240 664 2291 conservaret.
713 2237 830 2308 Neque3

17 2313 98 2366 haren
109 2312 179 2368 exuli
190 2312 267 2382 longa
278 2311 386 2382 posthae
398 2311 451 2366 vita
468 2309 533 2366 luit:
553 2316 634 2367 morte
652 2313 761 2368 fortuita
775 2333 808 2368 an

16 2403 59 2458 per
70 2407 196 2445 venemrm
207 2389 337 2443 extinctas
350 2391 424 2453 esset,
433 2391 463 2442 ut
473 2389 580 2459 quisque
592 2389 706 2455 credidit,
720 2391 808 2461 vulga-

15 2472 79 2522 tere.
115 2467 157 2522 De
169 2467 356 2521 mathematicis
368 2465 445 2520 Italia
456 2466 578 2538 pellendis
595 2467 692 2522 laetum
705 2473 808 2521 senatus

16 2543 159 2598 tousultum
180 2547 255 2607 atron
271 2546 298 2598 et
314 2542 423 2596 inritum.
459 2541 570 2596 Laudati
588 2542 679 2597 dehine
695 2542 836 2596 orationea

15 2619 134 2692 principis
155 2619 200 2691 qui
219 2619 252 2674 ob
274 2619 406 2689 angrrstias
421 2617 558 2671 familiares
576 2617 664 2668 ordine
683 2615 810 2664 senatorio

15 2705 106 2770 monte
127 2699 256 2763 aederent,
271 2695 386 2767 motique
402 2695 447 2766 qui
461 2691 613 2748 remanendo
628 2683 812 2752 impudentiam
