<?xml version="1.0" encoding="UTF-8"?>
<!DOCTYPE html PUBLIC "-//W3C//DTD XHTML 1.0 Transitional//EN"
    "http://www.w3.org/TR/xhtml1/DTD/xhtml1-transitional.dtd">
<html xmlns="http://www.w3.org/1999/xhtml" xml:lang="en" lang="en">
 <head>
  <title>
</title>
<meta http-equiv="Content-Type" content="text/html;charset=utf-8" />
  <meta name='ocr-system' content='tesseract 3.04.00' />
  <meta name='ocr-capabilities' content='ocr_page ocr_carea ocr_par ocr_line ocrx_word'/>
</head>
<body>
  <div class='ocr_page' id='page_1' title='image "./opera04tacigoog_0351.png"; bbox 0 0 1936 2968; ppageno 0'>
   <div class='ocr_carea' id='block_1_1' title="bbox 134 93 947 205">
    <p class='ocr_par' dir='ltr' id='par_1_1' title="bbox 134 93 947 205">
     <span class='ocr_line' id='line_1_1' title="bbox 134 93 591 150; baseline -0.009 -2"><span class='ocrx_word' id='word_1_1' title='bbox 134 100 183 150; x_wconf 74' lang='lat' dir='ltr'><strong>au</strong></span> <span class='ocrx_word' id='word_1_2' title='bbox 471 93 591 146; x_wconf 74' lang='lat' dir='ltr'><strong>raom</strong></span> 
     </span>
     <span class='ocr_line' id='line_1_2' title="bbox 767 157 947 205; baseline 0.033 -9"><span class='ocrx_word' id='word_1_3' title='bbox 767 157 803 205; x_wconf 80' lang='lat' dir='ltr'><strong>[n</strong></span> <span class='ocrx_word' id='word_1_4' title='bbox 814 157 847 200; x_wconf 85' lang='grc' dir='ltr'><strong>σ.</strong></span> <span class='ocrx_word' id='word_1_5' title='bbox 857 159 883 200; x_wconf 86' lang='lat' dir='ltr'><strong>o.</strong></span> <span class='ocrx_word' id='word_1_6' title='bbox 893 157 947 204; x_wconf 70' lang='grc' dir='ltr'><strong>ω.</strong></span> 
     </span>
    </p>
   </div>
   <div class='ocr_carea' id='block_1_2' title="bbox 47 204 946 2736">
    <p class='ocr_par' dir='ltr' id='par_1_2' title="bbox 85 204 946 1823">
     <span class='ocr_line' id='line_1_3' title="bbox 134 204 946 282; baseline -0.002 -16"><span class='ocrx_word' id='word_1_7' title='bbox 134 209 321 282; x_wconf 76' lang='lat' dir='ltr'><strong>antiquitatem,</strong></span> <span class='ocrx_word' id='word_1_8' title='bbox 334 206 452 278; x_wconf 87' lang='lat' dir='ltr'><strong>quotiens</strong></span> <span class='ocrx_word' id='word_1_9' title='bbox 464 206 569 261; x_wconf 86' lang='lat' dir='ltr'><strong>fortuna</strong></span> <span class='ocrx_word' id='word_1_10' title='bbox 580 208 668 262; x_wconf 78' lang='lat' dir='ltr'><strong>aontm</strong></span> <span class='ocrx_word' id='word_1_11' title='bbox 678 204 760 271; x_wconf 85' lang='lat' dir='ltr'><strong>duret,</strong></span> <span class='ocrx_word' id='word_1_12' title='bbox 777 207 862 264; x_wconf 85' lang='lat' dir='ltr'><strong>saluti</strong></span> <span class='ocrx_word' id='word_1_13' title='bbox 878 227 946 264; x_wconf 86' lang='lat' dir='ltr'><strong>oon·</strong></span> 
     </span>
     <span class='ocr_line' id='line_1_4' title="bbox 110 282 944 354; baseline -0.002 -10"><span class='ocrx_word' id='word_1_14' title='bbox 110 287 251 344; x_wconf 71' lang='lat' dir='ltr'><strong>asuluisse.</strong></span> <span class='ocrx_word' id='word_1_15' title='bbox 295 284 355 343; x_wconf 76' lang='lat' dir='ltr'><strong>Qua</strong></span> <span class='ocrx_word' id='word_1_16' title='bbox 378 282 553 354; x_wconf 80' lang='lat' dir='ltr'><strong>desperatione</strong></span> <span class='ocrx_word' id='word_1_17' title='bbox 577 282 703 338; x_wconf 84' lang='lat' dir='ltr'><strong>exercitus</strong></span> <span class='ocrx_word' id='word_1_18' title='bbox 728 283 783 338; x_wconf 81' lang='lat' dir='ltr'><strong>dux</strong></span> <span class='ocrx_word' id='word_1_19' title='bbox 807 285 944 342; x_wconf 79' lang='lat' dir='ltr'><strong>subactus</strong></span> 
     </span>
     <span class='ocr_line' id='line_1_5' title="bbox 134 359 943 436; baseline -0.002 -17"><span class='ocrx_word' id='word_1_20' title='bbox 134 365 227 436; x_wconf 84' lang='lat' dir='ltr'><strong>primas</strong></span> <span class='ocrx_word' id='word_1_21' title='bbox 241 365 329 417; x_wconf 87' lang='lat' dir='ltr'><strong>tamen</strong></span> <span class='ocrx_word' id='word_1_22' title='bbox 343 360 443 415; x_wconf 85' lang='lat' dir='ltr'><strong>litteras</strong></span> <span class='ocrx_word' id='word_1_23' title='bbox 461 359 493 414; x_wconf 88' lang='lat' dir='ltr'><strong>ad</strong></span> <span class='ocrx_word' id='word_1_24' title='bbox 509 359 654 430; x_wconf 82' lang='lat' dir='ltr'><strong>Vologesen</strong></span> <span class='ocrx_word' id='word_1_25' title='bbox 668 377 720 414; x_wconf 89' lang='lat' dir='ltr'><strong>non</strong></span> <span class='ocrx_word' id='word_1_26' title='bbox 738 360 875 431; x_wconf 79' lang='lat' dir='ltr'><strong>supplioes</strong></span> <span class='ocrx_word' id='word_1_27' title='bbox 893 362 943 420; x_wconf 85' lang='lat' dir='ltr'><strong>sed</strong></span> 
     </span>
     <span class='ocr_line' id='line_1_6' title="bbox 133 435 941 509; baseline -0.004 -12"><span class='ocrx_word' id='word_1_28' title='bbox 133 443 160 497; x_wconf 89' lang='lat' dir='ltr'><strong>in</strong></span> <span class='ocrx_word' id='word_1_29' title='bbox 183 438 287 494; x_wconf 90' lang='lat' dir='ltr'><strong>modum</strong></span> <span class='ocrx_word' id='word_1_30' title='bbox 311 437 441 509; x_wconf 83' lang='lat' dir='ltr'><strong>querentis</strong></span> <span class='ocrx_word' id='word_1_31' title='bbox 465 436 615 507; x_wconf 85' lang='lat' dir='ltr'><strong>composuit,</strong></span> <span class='ocrx_word' id='word_1_32' title='bbox 639 435 707 507; x_wconf 91' lang='lat' dir='ltr'><strong>quod</strong></span> <span class='ocrx_word' id='word_1_33' title='bbox 730 453 779 506; x_wconf 89' lang='lat' dir='ltr'><strong>pro</strong></span> <span class='ocrx_word' id='word_1_34' title='bbox 800 439 941 494; x_wconf 75' lang='lat' dir='ltr'><strong>Armeniis</strong></span> 
     </span>
     <span class='ocr_line' id='line_1_7' title="bbox 133 511 940 587; baseline -0.002 -15"><span class='ocrx_word' id='word_1_35' title='bbox 133 519 233 587; x_wconf 83' lang='lat' dir='ltr'><strong>semper</strong></span> <span class='ocrx_word' id='word_1_36' title='bbox 246 515 370 570; x_wconf 83' lang='lat' dir='ltr'><strong>Romanae</strong></span> <span class='ocrx_word' id='word_1_37' title='bbox 388 513 499 580; x_wconf 75' lang='lat' dir='ltr'><strong>ditioris,</strong></span> <span class='ocrx_word' id='word_1_38' title='bbox 516 517 561 567; x_wconf 86' lang='lat' dir='ltr'><strong>unt</strong></span> <span class='ocrx_word' id='word_1_39' title='bbox 579 511 701 582; x_wconf 80' lang='lat' dir='ltr'><strong>subjectis</strong></span> <span class='ocrx_word' id='word_1_40' title='bbox 719 513 776 584; x_wconf 87' lang='lat' dir='ltr'><strong>regi</strong></span> <span class='ocrx_word' id='word_1_41' title='bbox 793 531 877 584; x_wconf 87' lang='lat' dir='ltr'><strong>quem</strong></span> <span class='ocrx_word' id='word_1_42' title='bbox 892 515 940 570; x_wconf 86' lang='lat' dir='ltr'><strong>irn-</strong></span> 
     </span>
     <span class='ocr_line' id='line_1_8' title="bbox 132 589 939 665; baseline -0.004 -17"><span class='ocrx_word' id='word_1_43' title='bbox 132 591 234 665; x_wconf 82' lang='lat' dir='ltr'><strong>perstor</strong></span> <span class='ocrx_word' id='word_1_44' title='bbox 258 592 401 663; x_wconf 80' lang='lat' dir='ltr'><strong>delegisset,</strong></span> <span class='ocrx_word' id='word_1_45' title='bbox 426 589 529 644; x_wconf 82' lang='lat' dir='ltr'><strong>hostilia</strong></span> <span class='ocrx_word' id='word_1_46' title='bbox 551 589 660 644; x_wconf 80' lang='lat' dir='ltr'><strong>iuuaret:</strong></span> <span class='ocrx_word' id='word_1_47' title='bbox 684 605 774 658; x_wconf 87' lang='lat' dir='ltr'><strong>paoem</strong></span> <span class='ocrx_word' id='word_1_48' title='bbox 798 608 835 644; x_wconf 85' lang='lat' dir='ltr'><strong>ex</strong></span> <span class='ocrx_word' id='word_1_49' title='bbox 861 609 939 662; x_wconf 82' lang='lat' dir='ltr'><strong>aequo</strong></span> 
     </span>
     <span class='ocr_line' id='line_1_9' title="bbox 108 665 938 739; baseline -0.018 -12"><span class='ocrx_word' id='word_1_50' title='bbox 108 671 239 736; x_wconf 79' lang='lat' dir='ltr'><strong>6utilem3</strong></span> <span class='ocrx_word' id='word_1_51' title='bbox 258 687 290 724; x_wconf 87' lang='lat' dir='ltr'><strong>ne</strong></span> <span class='ocrx_word' id='word_1_52' title='bbox 313 667 450 739; x_wconf 79' lang='lat' dir='ltr'><strong>presentia</strong></span> <span class='ocrx_word' id='word_1_53' title='bbox 472 671 575 722; x_wconf 89' lang='lat' dir='ltr'><strong>tantum</strong></span> <span class='ocrx_word' id='word_1_54' title='bbox 598 668 732 736; x_wconf 78' lang='lat' dir='ltr'><strong>spectaret.</strong></span> <span class='ocrx_word' id='word_1_55' title='bbox 770 665 869 737; x_wconf 82' lang='lat' dir='ltr'><strong>Ipsum</strong></span> <span class='ocrx_word' id='word_1_56' title='bbox 894 667 938 722; x_wconf 67' lang='lat' dir='ltr'><strong>ad.</strong></span> 
     </span>
     <span class='ocr_line' id='line_1_10' title="bbox 131 740 937 816; baseline -0.005 -13"><span class='ocrx_word' id='word_1_57' title='bbox 131 767 220 803; x_wconf 86' lang='lat' dir='ltr'><strong>versus</strong></span> <span class='ocrx_word' id='word_1_58' title='bbox 239 746 301 801; x_wconf 87' lang='lat' dir='ltr'><strong>duas</strong></span> <span class='ocrx_word' id='word_1_59' title='bbox 319 745 432 816; x_wconf 79' lang='lat' dir='ltr'><strong>legiones</strong></span> <span class='ocrx_word' id='word_1_60' title='bbox 448 743 511 797; x_wconf 88' lang='lat' dir='ltr'><strong>totis</strong></span> <span class='ocrx_word' id='word_1_61' title='bbox 527 742 600 813; x_wconf 89' lang='lat' dir='ltr'><strong>regni</strong></span> <span class='ocrx_word' id='word_1_62' title='bbox 616 741 712 796; x_wconf 84' lang='lat' dir='ltr'><strong>viribus</strong></span> <span class='ocrx_word' id='word_1_63' title='bbox 729 740 889 798; x_wconf 85' lang='lat' dir='ltr'><strong>advenisse:</strong></span> <span class='ocrx_word' id='word_1_64' title='bbox 909 747 937 799; x_wconf 83' lang='lat' dir='ltr'><strong>at</strong></span> 
     </span>
     <span class='ocr_line' id='line_1_11' title="bbox 131 817 935 892; baseline -0.009 -11"><span class='ocrx_word' id='word_1_65' title='bbox 131 825 255 880; x_wconf 85' lang='lat' dir='ltr'><strong>Romanis</strong></span> <span class='ocrx_word' id='word_1_66' title='bbox 273 822 360 878; x_wconf 89' lang='lat' dir='ltr'><strong>orbem</strong></span> <span class='ocrx_word' id='word_1_67' title='bbox 377 824 503 876; x_wconf 87' lang='lat' dir='ltr'><strong>terrarum</strong></span> <span class='ocrx_word' id='word_1_68' title='bbox 521 819 655 890; x_wconf 88' lang='lat' dir='ltr'><strong>reliquum,</strong></span> <span class='ocrx_word' id='word_1_69' title='bbox 674 835 725 889; x_wconf 91' lang='lat' dir='ltr'><strong>quo</strong></span> <span class='ocrx_word' id='word_1_70' title='bbox 742 817 845 874; x_wconf 88' lang='lat' dir='ltr'><strong>bellum</strong></span> <span class='ocrx_word' id='word_1_71' title='bbox 861 821 935 892; x_wconf 84' lang='lat' dir='ltr'><strong>juva·</strong></span> 
     </span>
     <span class='ocr_line' id='line_1_12' title="bbox 85 893 935 969; baseline 0 -17"><span class='ocrx_word' id='word_1_72' title='bbox 85 899 123 952; x_wconf 87' lang='lat'><strong>14</strong></span> <span class='ocrx_word' id='word_1_73' title='bbox 131 906 197 956; x_wconf 88' lang='lat' dir='ltr'><strong>rent.</strong></span> <span class='ocrx_word' id='word_1_74' title='bbox 233 900 275 955; x_wconf 83' lang='lat' dir='ltr'><strong>Ad</strong></span> <span class='ocrx_word' id='word_1_75' title='bbox 287 918 317 955; x_wconf 91' lang='lat' dir='ltr'><strong>ea</strong></span> <span class='ocrx_word' id='word_1_76' title='bbox 329 898 468 969; x_wconf 80' lang='lat' dir='ltr'><strong>Vologeses</strong></span> <span class='ocrx_word' id='word_1_77' title='bbox 480 895 543 950; x_wconf 91' lang='lat' dir='ltr'><strong>nihil</strong></span> <span class='ocrx_word' id='word_1_78' title='bbox 555 903 601 965; x_wconf 88' lang='lat' dir='ltr'><strong>pro&#39;</strong></span> <span class='ocrx_word' id='word_1_79' title='bbox 611 913 694 959; x_wconf 80' lang='lat' dir='ltr'><strong>eausa,</strong></span> <span class='ocrx_word' id='word_1_80' title='bbox 702 893 748 949; x_wconf 89' lang='lat' dir='ltr'><strong>sed</strong></span> <span class='ocrx_word' id='word_1_81' title='bbox 757 897 935 966; x_wconf 86' lang='lat' dir='ltr'><strong>opperiendos</strong></span> 
     </span>
     <span class='ocr_line' id='line_1_13' title="bbox 131 971 934 1043; baseline -0.006 -10"><span class='ocrx_word' id='word_1_82' title='bbox 131 978 180 1033; x_wconf 91' lang='lat' dir='ltr'><strong>sibi</strong></span> <span class='ocrx_word' id='word_1_83' title='bbox 203 977 295 1032; x_wconf 87' lang='lat' dir='ltr'><strong>iratres</strong></span> <span class='ocrx_word' id='word_1_84' title='bbox 320 977 446 1030; x_wconf 78' lang='lat' dir='ltr'><strong>Paeonum</strong></span> <span class='ocrx_word' id='word_1_85' title='bbox 470 991 499 1028; x_wconf 88' lang='lat' dir='ltr'><strong>aa</strong></span> <span class='ocrx_word' id='word_1_86' title='bbox 522 971 654 1026; x_wconf 80' lang='lat' dir='ltr'><strong>Tiridaten</strong></span> <span class='ocrx_word' id='word_1_87' title='bbox 676 972 827 1043; x_wconf 76' lang='lat' dir='ltr'><strong>rescripsit3</strong></span> <span class='ocrx_word' id='word_1_88' title='bbox 860 974 934 1030; x_wconf 82' lang='lat' dir='ltr'><strong>illurn</strong></span> 
     </span>
     <span class='ocr_line' id='line_1_14' title="bbox 130 1047 934 1124; baseline -0.004 -14"><span class='ocrx_word' id='word_1_89' title='bbox 130 1055 215 1110; x_wconf 79' lang='lat' dir='ltr'><strong>losum</strong></span> <span class='ocrx_word' id='word_1_90' title='bbox 226 1059 378 1124; x_wconf 86' lang='lat' dir='ltr'><strong>tempusque</strong></span> <span class='ocrx_word' id='word_1_91' title='bbox 391 1050 495 1106; x_wconf 88' lang='lat' dir='ltr'><strong>oonsilio</strong></span> <span class='ocrx_word' id='word_1_92' title='bbox 508 1048 664 1103; x_wconf 89' lang='lat' dir='ltr'><strong>destinatum</strong></span> <span class='ocrx_word' id='word_1_93' title='bbox 675 1047 736 1119; x_wconf 92' lang='lat' dir='ltr'><strong>quid</strong></span> <span class='ocrx_word' id='word_1_94' title='bbox 756 1048 789 1104; x_wconf 90' lang='lat' dir='ltr'><strong>de</strong></span> <span class='ocrx_word' id='word_1_95' title='bbox 803 1051 934 1106; x_wconf 80' lang='lat' dir='ltr'><strong>Armenia</strong></span> 
     </span>
     <span class='ocr_line' id='line_1_15' title="bbox 130 1123 932 1201; baseline -0.004 -15"><span class='ocrx_word' id='word_1_96' title='bbox 130 1134 279 1197; x_wconf 82' lang='lat' dir='ltr'><strong>cernerent;</strong></span> <span class='ocrx_word' id='word_1_97' title='bbox 298 1129 419 1201; x_wconf 75' lang='lat' dir='ltr'><strong>adjecisse</strong></span> <span class='ocrx_word' id='word_1_98' title='bbox 437 1126 498 1181; x_wconf 88' lang='lat' dir='ltr'><strong>deos</strong></span> <span class='ocrx_word' id='word_1_99' title='bbox 516 1125 622 1197; x_wconf 85' lang='lat' dir='ltr'><strong>dignum</strong></span> <span class='ocrx_word' id='word_1_100' title='bbox 639 1123 832 1191; x_wconf 84' lang='lat' dir='ltr'><strong>Arsacidarum,</strong></span> <span class='ocrx_word' id='word_1_101' title='bbox 854 1128 932 1183; x_wconf 89' lang='lat' dir='ltr'><strong>simul</strong></span> 
     </span>
     <span class='ocr_line' id='line_1_16' title="bbox 106 1201 932 1279; baseline 0 -21"><span class='ocrx_word' id='word_1_102' title='bbox 106 1211 156 1263; x_wconf 66' lang='lat' dir='ltr'><strong>net</strong></span> <span class='ocrx_word' id='word_1_103' title='bbox 176 1207 207 1262; x_wconf 91' lang='lat' dir='ltr'><strong>de</strong></span> <span class='ocrx_word' id='word_1_104' title='bbox 228 1206 371 1279; x_wconf 83' lang='lat' dir='ltr'><strong>legionibus</strong></span> <span class='ocrx_word' id='word_1_105' title='bbox 390 1204 513 1260; x_wconf 77' lang='lat' dir='ltr'><strong>Romards</strong></span> <span class='ocrx_word' id='word_1_106' title='bbox 538 1205 689 1257; x_wconf 78' lang='lat' dir='ltr'><strong>statuerent.</strong></span> <span class='ocrx_word' id='word_1_107' title='bbox 725 1201 803 1258; x_wconf 85' lang='lat' dir='ltr'><strong>Missi</strong></span> <span class='ocrx_word' id='word_1_108' title='bbox 829 1209 892 1273; x_wconf 87' lang='lat' dir='ltr'><strong>post</strong></span> <span class='ocrx_word' id='word_1_109' title='bbox 914 1222 932 1258; x_wconf 84' lang='lat' dir='ltr'><strong>s</strong></span> 
     </span>
     <span class='ocr_line' id='line_1_17' title="bbox 129 1278 931 1353; baseline -0.005 -13"><span class='ocrx_word' id='word_1_110' title='bbox 129 1285 202 1340; x_wconf 87' lang='lat' dir='ltr'><strong>Paeto</strong></span> <span class='ocrx_word' id='word_1_111' title='bbox 213 1284 298 1339; x_wconf 88' lang='lat' dir='ltr'><strong>nuntii</strong></span> <span class='ocrx_word' id='word_1_112' title='bbox 310 1287 336 1338; x_wconf 88' lang='lat' dir='ltr'><strong>et</strong></span> <span class='ocrx_word' id='word_1_113' title='bbox 354 1281 422 1353; x_wconf 89' lang='lat' dir='ltr'><strong>regis</strong></span> <span class='ocrx_word' id='word_1_114' title='bbox 440 1279 593 1350; x_wconf 81' lang='lat' dir='ltr'><strong>colloquium</strong></span> <span class='ocrx_word' id='word_1_115' title='bbox 609 1278 726 1350; x_wconf 83' lang='lat' dir='ltr'><strong>petitum,</strong></span> <span class='ocrx_word' id='word_1_116' title='bbox 745 1279 791 1349; x_wconf 88' lang='lat' dir='ltr'><strong>qni</strong></span> <span class='ocrx_word' id='word_1_117' title='bbox 807 1279 931 1336; x_wconf 87' lang='lat' dir='ltr'><strong>Vasaoen</strong></span> 
     </span>
     <span class='ocr_line' id='line_1_18' title="bbox 106 1354 927 1433; baseline -0.007 -17"><span class='ocrx_word' id='word_1_118' title='bbox 106 1360 278 1433; x_wconf 76' lang='lat' dir='ltr'><strong>apraefeetum</strong></span> <span class='ocrx_word' id='word_1_119' title='bbox 290 1360 419 1432; x_wconf 86' lang='lat' dir='ltr'><strong>equitatus</strong></span> <span class='ocrx_word' id='word_1_120' title='bbox 437 1358 475 1412; x_wconf 90' lang='lat' dir='ltr'><strong>ire</strong></span> <span class='ocrx_word' id='word_1_121' title='bbox 485 1356 571 1428; x_wconf 86' lang='lat' dir='ltr'><strong>jussit.</strong></span> <span class='ocrx_word' id='word_1_122' title='bbox 607 1356 673 1410; x_wconf 77' lang='lat' dir='ltr'><strong>l&#39;mn</strong></span> <span class='ocrx_word' id='word_1_123' title='bbox 687 1354 775 1410; x_wconf 76' lang='lat' dir='ltr'><strong>Paua</strong></span> <span class='ocrx_word' id='word_1_124' title='bbox 790 1355 927 1420; x_wconf 80' lang='lat' dir='ltr'><strong>Lucullos,</strong></span> 
     </span>
     <span class='ocr_line' id='line_1_19' title="bbox 129 1431 928 1509; baseline -0.009 -15"><span class='ocrx_word' id='word_1_125' title='bbox 129 1437 272 1509; x_wconf 86' lang='lat' dir='ltr'><strong>Pompeios,</strong></span> <span class='ocrx_word' id='word_1_126' title='bbox 297 1442 324 1493; x_wconf 88' lang='lat' dir='ltr'><strong>et</strong></span> <span class='ocrx_word' id='word_1_127' title='bbox 348 1436 371 1491; x_wconf 91' lang='lat' dir='ltr'><strong>si</strong></span> <span class='ocrx_word' id='word_1_128' title='bbox 395 1453 445 1507; x_wconf 91' lang='lat' dir='ltr'><strong>qua</strong></span> <span class='ocrx_word' id='word_1_129' title='bbox 468 1434 581 1489; x_wconf 77' lang='lat' dir='ltr'><strong>Caesares</strong></span> <span class='ocrx_word' id='word_1_130' title='bbox 602 1431 745 1487; x_wconf 74' lang='lat' dir='ltr'><strong>obtinendas</strong></span> <span class='ocrx_word' id='word_1_131' title='bbox 769 1432 928 1490; x_wconf 77' lang='lat' dir='ltr'><strong>donsndaeve</strong></span> 
     </span>
     <span class='ocr_line' id='line_1_20' title="bbox 129 1507 928 1587; baseline -0.013 -16"><span class='ocrx_word' id='word_1_132' title='bbox 129 1515 256 1571; x_wconf 75' lang='lat' dir='ltr'><strong>Armenia</strong></span> <span class='ocrx_word' id='word_1_133' title='bbox 271 1516 384 1587; x_wconf 81' lang='lat' dir='ltr'><strong>egerant,</strong></span> <span class='ocrx_word' id='word_1_134' title='bbox 409 1513 522 1566; x_wconf 84' lang='lat' dir='ltr'><strong>Vssaoes</strong></span> <span class='ocrx_word' id='word_1_135' title='bbox 542 1509 679 1580; x_wconf 84' lang='lat' dir='ltr'><strong>imaginem</strong></span> <span class='ocrx_word' id='word_1_136' title='bbox 700 1507 829 1564; x_wconf 89' lang='lat' dir='ltr'><strong>retinendi</strong></span> <span class='ocrx_word' id='word_1_137' title='bbox 852 1509 928 1581; x_wconf 78' lang='lat' dir='ltr'><strong>largi-</strong></span> 
     </span>
     <span class='ocr_line' id='line_1_21' title="bbox 104 1585 927 1665; baseline -0.013 -13"><span class='ocrx_word' id='word_1_138' title='bbox 104 1595 219 1652; x_wconf 72' lang='lat' dir='ltr'><strong>tendire</strong></span> <span class='ocrx_word' id='word_1_139' title='bbox 239 1611 317 1665; x_wconf 88' lang='lat' dir='ltr'><strong>penes</strong></span> <span class='ocrx_word' id='word_1_140' title='bbox 340 1608 395 1656; x_wconf 90' lang='lat' dir='ltr'><strong>nos,</strong></span> <span class='ocrx_word' id='word_1_141' title='bbox 417 1589 469 1644; x_wconf 85' lang='lat' dir='ltr'><strong>uim</strong></span> <span class='ocrx_word' id='word_1_142' title='bbox 493 1605 570 1659; x_wconf 90' lang='lat' dir='ltr'><strong>penes</strong></span> <span class='ocrx_word' id='word_1_143' title='bbox 591 1585 700 1640; x_wconf 86' lang='lat' dir='ltr'><strong>Parthos</strong></span> <span class='ocrx_word' id='word_1_144' title='bbox 719 1589 853 1641; x_wconf 87' lang='lat' dir='ltr'><strong>memorat.</strong></span> <span class='ocrx_word' id='word_1_145' title='bbox 890 1587 927 1641; x_wconf 78' lang='lat' dir='ltr'><strong>nt</strong></span> 
     </span>
     <span class='ocr_line' id='line_1_22' title="bbox 128 1661 927 1736; baseline -0.014 -7"><span class='ocrx_word' id='word_1_146' title='bbox 128 1673 238 1728; x_wconf 89' lang='lat' dir='ltr'><strong>multum</strong></span> <span class='ocrx_word' id='word_1_147' title='bbox 253 1671 281 1726; x_wconf 93' lang='lat' dir='ltr'><strong>in</strong></span> <span class='ocrx_word' id='word_1_148' title='bbox 294 1669 374 1725; x_wconf 88' lang='lat' dir='ltr'><strong>rioem</strong></span> <span class='ocrx_word' id='word_1_149' title='bbox 391 1666 540 1736; x_wconf 82' lang='lat' dir='ltr'><strong>disceptato,</strong></span> <span class='ocrx_word' id='word_1_150' title='bbox 558 1662 716 1718; x_wconf 81' lang='lat' dir='ltr'><strong>Monobazus</strong></span> <span class='ocrx_word' id='word_1_151' title='bbox 734 1661 885 1718; x_wconf 82' lang='lat' dir='ltr'><strong>Adiabenus</strong></span> <span class='ocrx_word' id='word_1_152' title='bbox 899 1664 927 1718; x_wconf 92' lang='lat' dir='ltr'><strong>in</strong></span> 
     </span>
     <span class='ocr_line' id='line_1_23' title="bbox 129 1740 925 1823; baseline -0.014 -16"><span class='ocrx_word' id='word_1_153' title='bbox 129 1751 196 1807; x_wconf 89' lang='lat' dir='ltr'><strong>diem</strong></span> <span class='ocrx_word' id='word_1_154' title='bbox 220 1754 351 1823; x_wconf 90' lang='lat' dir='ltr'><strong>posterum</strong></span> <span class='ocrx_word' id='word_1_155' title='bbox 373 1746 449 1801; x_wconf 86' lang='lat' dir='ltr'><strong>tostis</strong></span> <span class='ocrx_word' id='word_1_156' title='bbox 470 1745 501 1798; x_wconf 90' lang='lat' dir='ltr'><strong>iis</strong></span> <span class='ocrx_word' id='word_1_157' title='bbox 526 1761 581 1814; x_wconf 80' lang='lat' dir='ltr'><strong>qua</strong></span> <span class='ocrx_word' id='word_1_158' title='bbox 602 1741 759 1813; x_wconf 87' lang='lat' dir='ltr'><strong>pepigissent</strong></span> <span class='ocrx_word' id='word_1_159' title='bbox 778 1740 925 1797; x_wconf 76' lang='lat' dir='ltr'><strong>adhssretur.</strong></span> 
     </span>
    </p>

    <p class='ocr_par' dir='ltr' id='par_1_3' title="bbox 47 1818 927 2654">
     <span class='ocr_line' id='line_1_24' title="bbox 104 1818 927 1901; baseline -0.011 -17"><span class='ocrx_word' id='word_1_160' title='bbox 104 1839 118 1884; x_wconf 81' lang='lat'><strong><em>5</em></strong></span> <span class='ocrx_word' id='word_1_161' title='bbox 129 1831 279 1901; x_wconf 79' lang='lat' dir='ltr'><strong>Placuitqns</strong></span> <span class='ocrx_word' id='word_1_162' title='bbox 290 1824 392 1882; x_wconf 84' lang='lat' dir='ltr'><strong>liberari</strong></span> <span class='ocrx_word' id='word_1_163' title='bbox 407 1822 504 1879; x_wconf 88' lang='lat' dir='ltr'><strong>obsidio</strong></span> <span class='ocrx_word' id='word_1_164' title='bbox 515 1821 635 1893; x_wconf 90' lang='lat' dir='ltr'><strong>legiones,</strong></span> <span class='ocrx_word' id='word_1_165' title='bbox 649 1824 676 1875; x_wconf 91' lang='lat' dir='ltr'><strong>et</strong></span> <span class='ocrx_word' id='word_1_166' title='bbox 688 1818 811 1874; x_wconf 75' lang='lat' dir='ltr'><strong>desudem</strong></span> <span class='ocrx_word' id='word_1_167' title='bbox 824 1838 927 1882; x_wconf 82' lang='lat' dir='ltr'><strong>omnem</strong></span> 
     </span>
     <span class='ocr_line' id='line_1_25' title="bbox 127 1897 925 1968; baseline -0.013 -5"><span class='ocrx_word' id='word_1_168' title='bbox 127 1907 234 1962; x_wconf 89' lang='lat' dir='ltr'><strong>militem</strong></span> <span class='ocrx_word' id='word_1_169' title='bbox 251 1905 343 1961; x_wconf 87' lang='lat' dir='ltr'><strong>finibus</strong></span> <span class='ocrx_word' id='word_1_170' title='bbox 357 1901 543 1964; x_wconf 88' lang='lat' dir='ltr'><strong>Armeniorum,</strong></span> <span class='ocrx_word' id='word_1_171' title='bbox 556 1897 709 1968; x_wconf 83' lang='lat' dir='ltr'><strong>castellaque</strong></span> <span class='ocrx_word' id='word_1_172' title='bbox 724 1899 752 1952; x_wconf 89' lang='lat' dir='ltr'><strong>et</strong></span> <span class='ocrx_word' id='word_1_173' title='bbox 767 1903 925 1954; x_wconf 75' lang='lat' dir='ltr'><strong>commeatum</strong></span> 
     </span>
     <span class='ocr_line' id='line_1_26' title="bbox 128 1972 924 2050; baseline -0.01 -12"><span class='ocrx_word' id='word_1_174' title='bbox 128 1984 231 2038; x_wconf 88' lang='lat' dir='ltr'><strong>Parthis</strong></span> <span class='ocrx_word' id='word_1_175' title='bbox 247 1981 331 2047; x_wconf 89' lang='lat' dir='ltr'><strong>tradi;</strong></span> <span class='ocrx_word' id='word_1_176' title='bbox 348 1977 441 2050; x_wconf 90' lang='lat' dir='ltr'><strong>quibus</strong></span> <span class='ocrx_word' id='word_1_177' title='bbox 457 1974 610 2048; x_wconf 90' lang='lat' dir='ltr'><strong>perpetratis</strong></span> <span class='ocrx_word' id='word_1_178' title='bbox 628 1973 700 2044; x_wconf 80' lang='lat' dir='ltr'><strong>eopia</strong></span> <span class='ocrx_word' id='word_1_179' title='bbox 711 1972 837 2044; x_wconf 74' lang='lat' dir='ltr'><strong>Vologesi</strong></span> <span class='ocrx_word' id='word_1_180' title='bbox 852 1975 924 2030; x_wconf 83' lang='lat' dir='ltr'><strong>fieret</strong></span> 
     </span>
     <span class='ocr_line' id='line_1_27' title="bbox 81 2048 923 2124; baseline -0.014 -12"><span class='ocrx_word' id='word_1_181' title='bbox 81 2061 116 2114; x_wconf 85' lang='lat'><strong>15</strong></span> <span class='ocrx_word' id='word_1_182' title='bbox 127 2058 247 2114; x_wconf 89' lang='lat' dir='ltr'><strong>mittendi</strong></span> <span class='ocrx_word' id='word_1_183' title='bbox 258 2058 291 2113; x_wconf 88' lang='lat' dir='ltr'><strong>ad</strong></span> <span class='ocrx_word' id='word_1_184' title='bbox 301 2057 432 2112; x_wconf 87' lang='lat' dir='ltr'><strong>Neronem</strong></span> <span class='ocrx_word' id='word_1_185' title='bbox 443 2053 549 2124; x_wconf 85' lang='lat' dir='ltr'><strong>legatos.</strong></span> <span class='ocrx_word' id='word_1_186' title='bbox 585 2050 692 2105; x_wconf 84' lang='lat' dir='ltr'><strong>Interim</strong></span> <span class='ocrx_word' id='word_1_187' title='bbox 702 2048 800 2104; x_wconf 87' lang='lat' dir='ltr'><strong>flumini</strong></span> <span class='ocrx_word' id='word_1_188' title='bbox 810 2051 923 2108; x_wconf 70' lang='lat' dir='ltr'><strong>Arsaniae</strong></span> 
     </span>
     <span class='ocr_line' id='line_1_28' title="bbox 129 2126 923 2205; baseline -0.006 -15"><span class='ocrx_word' id='word_1_189' title='bbox 129 2137 162 2205; x_wconf 94' lang='lat' dir='ltr'><strong>(is</strong></span> <span class='ocrx_word' id='word_1_190' title='bbox 171 2139 255 2190; x_wconf 87' lang='lat' dir='ltr'><strong>eastra</strong></span> <span class='ocrx_word' id='word_1_191' title='bbox 266 2132 432 2205; x_wconf 75' lang='lat' dir='ltr'><strong>praefluebat)</strong></span> <span class='ocrx_word' id='word_1_192' title='bbox 446 2133 550 2201; x_wconf 90' lang='lat' dir='ltr'><strong>pontem</strong></span> <span class='ocrx_word' id='word_1_193' title='bbox 561 2127 690 2198; x_wconf 88' lang='lat' dir='ltr'><strong>imposuit,</strong></span> <span class='ocrx_word' id='word_1_194' title='bbox 703 2127 786 2196; x_wconf 84' lang='lat' dir='ltr'><strong>speeie</strong></span> <span class='ocrx_word' id='word_1_195' title='bbox 800 2126 850 2182; x_wconf 89' lang='lat' dir='ltr'><strong>sibi</strong></span> <span class='ocrx_word' id='word_1_196' title='bbox 861 2127 923 2186; x_wconf 86' lang='lat' dir='ltr'><strong>illud</strong></span> 
     </span>
     <span class='ocr_line' id='line_1_29' title="bbox 127 2202 921 2281; baseline -0.009 -14"><span class='ocrx_word' id='word_1_197' title='bbox 127 2213 177 2267; x_wconf 92' lang='lat' dir='ltr'><strong>iter</strong></span> <span class='ocrx_word' id='word_1_198' title='bbox 188 2210 361 2281; x_wconf 79' lang='lat' dir='ltr'><strong>expedientis:</strong></span> <span class='ocrx_word' id='word_1_199' title='bbox 386 2207 431 2263; x_wconf 88' lang='lat' dir='ltr'><strong>sed</strong></span> <span class='ocrx_word' id='word_1_200' title='bbox 448 2205 539 2262; x_wconf 83' lang='lat' dir='ltr'><strong>Parthi</strong></span> <span class='ocrx_word' id='word_1_201' title='bbox 557 2203 629 2276; x_wconf 89' lang='lat' dir='ltr'><strong>quasi</strong></span> <span class='ocrx_word' id='word_1_202' title='bbox 647 2202 830 2258; x_wconf 78' lang='lat' dir='ltr'><strong>documentum</strong></span> <span class='ocrx_word' id='word_1_203' title='bbox 845 2205 921 2260; x_wconf 74' lang='lat' dir='ltr'><strong>viera</strong></span> 
     </span>
     <span class='ocr_line' id='line_1_30' title="bbox 101 2279 922 2358; baseline -0.011 -13"><span class='ocrx_word' id='word_1_204' title='bbox 101 2289 170 2346; x_wconf 68' lang='lat' dir='ltr'><strong>zris,</strong></span> <span class='ocrx_word' id='word_1_205' title='bbox 181 2288 319 2358; x_wconf 85' lang='lat' dir='ltr'><strong>jusserant.</strong></span> <span class='ocrx_word' id='word_1_206' title='bbox 355 2285 475 2356; x_wconf 83' lang='lat' dir='ltr'><strong>Namque</strong></span> <span class='ocrx_word' id='word_1_207' title='bbox 486 2283 518 2338; x_wconf 83' lang='lat' dir='ltr'><strong>iis</strong></span> <span class='ocrx_word' id='word_1_208' title='bbox 530 2281 589 2336; x_wconf 87' lang='lat' dir='ltr'><strong>usui</strong></span> <span class='ocrx_word' id='word_1_209' title='bbox 600 2280 650 2334; x_wconf 87' lang='lat' dir='ltr'><strong>fuit</strong></span> <span class='ocrx_word' id='word_1_210' title='bbox 661 2300 668 2344; x_wconf 89' lang='lat'>;</span> <span class='ocrx_word' id='word_1_211' title='bbox 688 2279 772 2334; x_wconf 83' lang='lat' dir='ltr'><strong>nostri</strong></span> <span class='ocrx_word' id='word_1_212' title='bbox 783 2297 831 2350; x_wconf 91' lang='lat' dir='ltr'><strong>per</strong></span> <span class='ocrx_word' id='word_1_213' title='bbox 842 2279 922 2341; x_wconf 49' lang='lat' dir='ltr'><strong>divers</strong></span> 
     </span>
     <span class='ocr_line' id='line_1_31' title="bbox 126 2355 920 2429; baseline -0.004 -13"><span class='ocrx_word' id='word_1_214' title='bbox 126 2382 184 2416; x_wconf 88' lang='lat' dir='ltr'><strong>suro</strong></span> <span class='ocrx_word' id='word_1_215' title='bbox 200 2363 262 2416; x_wconf 88' lang='lat' dir='ltr'><strong>iere.</strong></span> <span class='ocrx_word' id='word_1_216' title='bbox 297 2360 405 2416; x_wconf 79' lang='lat' dir='ltr'><strong>Addidit</strong></span> <span class='ocrx_word' id='word_1_217' title='bbox 419 2377 506 2414; x_wconf 88' lang='lat' dir='ltr'><strong>rumor</strong></span> <span class='ocrx_word' id='word_1_218' title='bbox 524 2358 572 2412; x_wconf 90' lang='lat' dir='ltr'><strong>sub</strong></span> <span class='ocrx_word' id='word_1_219' title='bbox 590 2357 682 2428; x_wconf 89' lang='lat' dir='ltr'><strong>jugum</strong></span> <span class='ocrx_word' id='word_1_220' title='bbox 700 2355 791 2412; x_wconf 88' lang='lat' dir='ltr'><strong>missas</strong></span> <span class='ocrx_word' id='word_1_221' title='bbox 810 2357 920 2429; x_wconf 83' lang='lat' dir='ltr'><strong>legiones</strong></span> 
     </span>
     <span class='ocr_line' id='line_1_32' title="bbox 124 2432 917 2504; baseline -0.004 -13"><span class='ocrx_word' id='word_1_222' title='bbox 124 2441 151 2491; x_wconf 89' lang='lat' dir='ltr'><strong>et</strong></span> <span class='ocrx_word' id='word_1_223' title='bbox 169 2437 218 2490; x_wconf 87' lang='lat' dir='ltr'><strong>alia</strong></span> <span class='ocrx_word' id='word_1_224' title='bbox 234 2454 267 2491; x_wconf 84' lang='lat' dir='ltr'><strong>ex</strong></span> <span class='ocrx_word' id='word_1_225' title='bbox 284 2436 360 2490; x_wconf 88' lang='lat' dir='ltr'><strong>rebus</strong></span> <span class='ocrx_word' id='word_1_226' title='bbox 378 2435 504 2500; x_wconf 83' lang='lat' dir='ltr'><strong>infaustis,</strong></span> <span class='ocrx_word' id='word_1_227' title='bbox 523 2451 630 2504; x_wconf 88' lang='lat' dir='ltr'><strong>quorum</strong></span> <span class='ocrx_word' id='word_1_228' title='bbox 645 2432 810 2488; x_wconf 78' lang='lat' dir='ltr'><strong>simulacrum</strong></span> <span class='ocrx_word' id='word_1_229' title='bbox 828 2434 859 2489; x_wconf 87' lang='lat' dir='ltr'><strong>ab</strong></span> <span class='ocrx_word' id='word_1_230' title='bbox 874 2437 917 2489; x_wconf 85' lang='lat' dir='ltr'><strong>Ar·</strong></span> 
     </span>
     <span class='ocr_line' id='line_1_33' title="bbox 47 2509 919 2582; baseline -0.002 -16"><span class='ocrx_word' id='word_1_231' title='bbox 47 2509 213 2566; x_wconf 60' lang='lat' dir='ltr'><strong>⁴{meniis</strong></span> <span class='ocrx_word' id='word_1_232' title='bbox 225 2515 375 2579; x_wconf 86' lang='lat' dir='ltr'><strong>usurpatum</strong></span> <span class='ocrx_word' id='word_1_233' title='bbox 388 2515 436 2565; x_wconf 87' lang='lat' dir='ltr'><strong>ost.</strong></span> <span class='ocrx_word' id='word_1_234' title='bbox 473 2511 592 2581; x_wconf 84' lang='lat' dir='ltr'><strong>Namque</strong></span> <span class='ocrx_word' id='word_1_235' title='bbox 604 2514 631 2566; x_wconf 86' lang='lat' dir='ltr'><strong>et</strong></span> <span class='ocrx_word' id='word_1_236' title='bbox 643 2510 803 2566; x_wconf 87' lang='lat' dir='ltr'><strong>munimenta</strong></span> <span class='ocrx_word' id='word_1_237' title='bbox 814 2510 919 2582; x_wconf 74' lang='lat' dir='ltr'><strong>ingressi</strong></span> 
     </span>
     <span class='ocr_line' id='line_1_34' title="bbox 172 2585 920 2654; baseline 0.008 -16"><span class='ocrx_word' id='word_1_238' title='bbox 172 2589 191 2649; x_wconf 69' lang='lat' dir='ltr'><strong>t,</strong></span> <span class='ocrx_word' id='word_1_239' title='bbox 205 2589 340 2654; x_wconf 82' lang='lat' dir='ltr'><strong>antequam</strong></span> <span class='ocrx_word' id='word_1_240' title='bbox 352 2602 444 2653; x_wconf 88' lang='lat' dir='ltr'><strong>agmen</strong></span> <span class='ocrx_word' id='word_1_241' title='bbox 456 2585 603 2640; x_wconf 84' lang='lat' dir='ltr'><strong>Romanum</strong></span> <span class='ocrx_word' id='word_1_242' title='bbox 621 2585 806 2650; x_wconf 67' lang='lat' dir='ltr'><strong>eraderetur</strong></span> <span class='ocrx_word' id='word_1_243' title='bbox 818 2587 920 2644; x_wconf 74' lang='lat' dir='ltr'><strong>simun</strong></span> 
     </span>
    </p>

    <p class='ocr_par' dir='ltr' id='par_1_4' title="bbox 190 2658 921 2736">
     <span class='ocr_line' id='line_1_35' title="bbox 190 2658 921 2736; baseline 0.014 -24"><span class='ocrx_word' id='word_1_244' title='bbox 190 2677 217 2714; x_wconf 88' lang='lat' dir='ltr'><strong>re</strong></span> <span class='ocrx_word' id='word_1_245' title='bbox 229 2660 291 2723; x_wconf 85' lang='lat' dir='ltr'><strong>uias,</strong></span> <span class='ocrx_word' id='word_1_246' title='bbox 308 2658 410 2728; x_wconf 83' lang='lat' dir='ltr'><strong>eaptivs</strong></span> <span class='ocrx_word' id='word_1_247' title='bbox 428 2659 489 2716; x_wconf 87' lang='lat' dir='ltr'><strong>olim</strong></span> <span class='ocrx_word' id='word_1_248' title='bbox 503 2661 630 2733; x_wconf 78' lang='lat' dir='ltr'><strong>mancipia</strong></span> <span class='ocrx_word' id='word_1_249' title='bbox 644 2666 689 2720; x_wconf 87' lang='lat' dir='ltr'><strong>aut</strong></span> <span class='ocrx_word' id='word_1_250' title='bbox 702 2662 824 2734; x_wconf 86' lang='lat' dir='ltr'><strong>jumenta</strong></span> <span class='ocrx_word' id='word_1_251' title='bbox 834 2681 921 2736; x_wconf 84' lang='lat' dir='ltr'><strong>agnos·</strong></span> 
     </span>
    </p>
   </div>
   <div class='ocr_carea' id='block_1_3' title="bbox 0 0 972 2968">
    <p class='ocr_par' dir='ltr' id='par_1_5' title="bbox 0 0 972 2968">
     <span class='ocr_line' id='line_1_36' title="bbox 0 0 972 2968; baseline 0 10"><span class='ocrx_word' id='word_1_252' title='bbox 0 0 972 2968; x_wconf 95' lang='lat' dir='ltr'><strong> </strong></span> 
     </span>
    </p>
   </div>
  </div>
 </body>
</html>
