1936 2968
234 145 428 198 sasamon
445 148 501 197 xv.
520 148 625 199 rar-rr.
774 111 822 196 ais

29 209 369 328 deriteeubbstrshentesque.
405 259 497 330 Rapta
515 257 593 314 etiam
611 260 706 321 vestes,
722 257 848 316 retentae

28 358 107 404 arma,
119 334 212 408 pavido
228 333 307 389 milite
318 339 346 389 et
362 333 525 400 concedente,
537 353 570 390 ne
583 352 633 406 qua
649 332 730 406 prelii
747 349 824 388 causa

25 419 160 476 existeret.
201 413 337 484 Vologeses
353 414 429 468 armis
441 419 468 470 et
480 413 628 485 corporibus
646 431 768 469 caesorum
779 420 847 485 apt
881 405 885 414 '

26 493 151 569 gregatis
171 507 222 560 quo
239 489 335 545 cladem
354 494 467 546 nostram
485 490 707 555 recusauerim
724 489 824 561 fugien-

26 575 95 630 tium
113 566 243 639 lcgionum
264 566 395 622 abstinuit.
431 567 510 622 Fama
525 565 705 622 moderationis
728 577 847 638 quaere-6

25 651 114 711 batur,
127 647 262 716 postquam
277 643 420 714 superbiam
433 645 585 716 expleverat.
621 643 729 698 Flumen
746 645 824 699 Arsa·

25 728 98 782 niam
119 720 253 791 elephanto
276 719 395 785 insidens,
415 722 545 792 proximus
566 721 673 792 quisque
694 721 824 792 regemvi

25 817 154 874 equorum
169 815 312 868 perrupere,
329 797 388 866 qnia
405 815 491 853 rumor
503 798 642 854 incesserat
654 802 758 868 pontem
770 814 824 852 ces·

24 895 119 936 smum
136 873 208 928 oneri
226 873 283 928 dolo
300 872 488 929 fabricantium.
526 873 576 929 Sed
590 874 636 944 qui
651 873 750 945 ingredi
769 871 824 928 ausi

24 957 100 1017 sunt,
118 949 230 1005 validum
252 953 278 1004 et
298 947 378 1004 fidum
400 949 555 1006 intellexere.
594 949 714 1006 Ceterum
735 949 871 1012 obses-16

24 1033 61 1087 sis
83 1027 149 1082 adeo
162 1025 362 1096 suppeditavisse
380 1043 434 1080 rem
451 1026 642 1082 immentariam
661 1025 778 1080 constitit
793 1028 823 1080 ut

22 1103 128 1162 horreis
141 1102 226 1173 ignem
243 1101 384 1172 injicerent,
397 1106 535 1172 contraque
554 1101 693 1173 prodiderit
712 1100 823 1156 Corbulo

21 1179 140 1240 Parthos
159 1179 246 1248 inopes
264 1177 401 1247 copiarum,
420 1182 447 1233 et
465 1178 558 1250 pabulo
577 1178 668 1233 attrito
689 1176 823 1234 relicturos

20 1253 253 1330 oppugnationem,
274 1271 356 1324 neque
377 1272 405 1310 se
428 1254 485 1326 plus
506 1255 587 1310 tridui
609 1254 700 1309 itinere
722 1253 823 1308 alonae.

20 1333 127 1404 Adjicit
141 1331 200 1402 jure
215 1329 324 1401 jurando
342 1331 408 1385 Pati
426 1335 531 1386 cautum
543 1331 611 1403 apud
625 1331 705 1402 signa,
718 1331 848 1390 astanti-2

19 1412 73 1467 bus
91 1409 124 1464 iis
145 1425 209 1478 quos
226 1406 385 1462 testificando
400 1425 446 1462 rex
461 1408 580 1476 misisset,
592 1409 717 1464 neminem
730 1406 825 1462 Roma-

19 1505 89 1544 nurn
101 1483 253 1540 camenam
269 1483 451 1555 ingressurum,
464 1484 545 1540 donec
563 1485 719 1540 referrentur
731 1485 825 1540 littere

19 1562 152 1626 Neronis,
165 1561 265 1630 aupaci
283 1564 413 1616 annueret.
450 1561 517 1622 Qum
532 1565 562 1616 ut
575 1561 697 1633 augendae
714 1560 849 1619 infamiae

18 1640 179 1713 composita,
199 1639 235 1694 sic
253 1639 351 1710 reliqua
368 1657 420 1694 non
438 1640 466 1695 in
489 1639 597 1696 obscuro
618 1640 751 1704 habentur,
774 1657 826 1694 una

17 1721 64 1785 die¹
78 1715 252 1789 quadraginta
262 1715 370 1771 millium
381 1717 492 1788 spatium
503 1735 632 1772 emensum
645 1735 701 1772 esse
717 1715 825 1784 Paetum,

17 1794 138 1850 desertis
158 1793 252 1864 passim
268 1792 367 1858 sauciis,
388 1811 471 1864 neque
492 1794 577 1850 minus
601 1793 739 1849 deformem
757 1792 826 1848 illam

14 1872 186 1944 fugientium
208 1869 400 1941 trepidationem
423 1889 499 1943 quam
519 1872 541 1927 si
557 1875 631 1942 terga
648 1872 676 1926 in
693 1871 746 1926 acic
770 1889 825 1926 ver-

13 1951 130 2006 tissent.
169 1945 280 2002 Corbulo
293 1965 351 2002 cum
362 1947 416 2002 suis
430 1948 509 2019 copiis
527 1948 595 2020 apud
613 1948 694 2019 ripam
710 1947 849 2019 Euphra-4

13 2025 53 2082 tis
80 2023 188 2088 obvius,
212 2041 264 2078 non
284 2041 339 2080 eam
359 2024 468 2095 speciem
491 2024 630 2096 insignium
651 2027 677 2080 et
699 2041 826 2080 armorum

11 2101 143 2174 praetulit
158 2102 189 2154 ut
206 2099 379 2156 diversitatem
394 2100 565 2171 exprobraret.
602 2100 691 2156 Maesti
704 2100 849 2171 manipulis

11 2196 46 2237 ac
67 2178 159 2239 vicem
176 2176 375 2232 commilitonum
391 2177 540 2234 miserantes
556 2195 589 2232 ne
600 2177 711 2232 lacrimis
724 2178 825 2248 quidem

10 2257 181 2326 temperare.
217 2252 270 2306 Vix
281 2269 334 2323 prae
349 2253 413 2308 fletu
429 2258 551 2325 usurpata
563 2253 739 2310 consalutatio.
775 2254 850 2310 De6

10 2334 140 2388 cesserat
159 2331 289 2386 certamen
306 2328 410 2386 virtutis
428 2333 455 2384 et
473 2330 576 2386 ambitio
600 2330 694 2402 gloriae,
714 2331 827 2387 felicium
858 2389 868 2395 ,

9 2407 161 2464 hominum
181 2406 303 2462 affectus:
322 2406 376 2462 sola
393 2405 565 2462 misericordia
583 2407 691 2472 valebat,
713 2411 740 2463 et
759 2407 827 2479 apud

8 2484 138 2542 minores
152 2482 243 2555 magis.
279 2482 384 2538 Ducum
399 2483 468 2538 inter
483 2502 511 2538 se
527 2483 611 2540 brevis
624 2501 706 2540 sermo
722 2487 825 2539 secutus
838 2492 871 2547 17

9 2565 64 2622 est.
109 2561 176 2616 Hoc
197 2563 367 2631 conquerente
389 2559 487 2616 irritum
507 2560 626 2625 laborem,
644 2560 758 2630 potuisse
775 2558 826 2613 bel·

8 2637 71 2694 lum
91 2637 166 2708 fuga
183 2637 338 2690 Parthorum
356 2635 430 2699 finiri,
443 2635 485 2690 ille
497 2635 598 2706 integra
614 2635 717 2701 utrique
735 2635 827 2685 cuncta

8 2713 181 2788 rospondit:
206 2714 383 2768 converterent
407 2710 503 2780 aquilas
525 2712 551 2766 ct
572 2709 657 2778 juncti
672 2704 829 2774 ,invaderent

5 2822 19 2888 l

933 2754 960 2800 A
