2026 2992
24 214 77 253 M.
87 213 133 264 m
229 149 429 202 ANNALmnr
445 153 489 203 IV.
506 154 611 204 (ii-67.
775 151 819 204 171

23 269 103 331 pune
122 262 312 333 appellaretur,
325 264 426 336 quondo
437 265 538 321 eunetis
549 265 644 320 moun
655 262 823 334 ingemutius

25 338 71 392 sols
81 339 188 395 Tiberii
200 339 306 411 effigies,
319 342 371 396 site
380 341 408 396 in
419 341 495 396 ὼωο
505 340 578 395 Junii
591 339 724 404 seuetoris,
742 339 822 394 iuvio-

24 414 69 468 late
78 416 237 471 mansisset.
267 416 392 472 Evenisset
402 416 429 472 id
439 417 500 472 olim
512 415 625 473 OEaudiae
634 416 743 482 Quinte,
756 415 845 486 ejus-4

24 509 67 559 que
90 495 216 546 statuam
234 491 288 547 vim
306 492 404 564 ignium
427 492 467 548 bis
490 493 601 564 elapsum
623 492 732 563 majores
754 490 823 563 apud

22 565 96 622 edem
107 568 211 622 matris
223 567 302 624 deim
314 569 507 624 consecravisse„
538 570 645 624 emaus
657 571 846 639 eooeptosquet

20 643 174 699 numinibus
206 644 336 710 Oleudios,
360 649 388 700 et
411 644 553 717 ungendam
576 643 745 700 eemmoniem
767 644 824 700 loeo

19 719 823 852 ueuerseuueestuut
832 800 869 856 ⁶⁵

20 873 109 942 quitus
132 875 362 943 Querquetulanum
383 876 551 944 eoguomento
571 873 658 938 trime,
680 871 749 944 qnod
765 871 825 927 telis

19 947 91 1003 silve
102 948 234 1019 frequens
245 948 421 1020 fecundusque
432 951 495 1014 eret,
508 966 568 1004 mox
582 949 684 1004 Ocelim
696 947 826 1020 appellite

19 1031 77 1078 tum
89 1043 107 1078 a
120 1024 194 1079 Coele
206 1023 334 1090 Vibenna
347 1025 391 1097 qui
402 1024 457 1080 (lux
467 1025 553 1098 geutis
564 1025 682 1080 Etrusoe
690 1043 748 1080 oum
757 1025 826 1080 euxi-

19 1099 85 1155 lium
96 1101 217 1168 tulisset,
229 1100 317 1156 sedem
328 1119 383 1156 eum
395 1109 528 1172 eooeperet
542 1120 560 1155 a
575 1101 713 1173 'l'erquinio
728 1101 825 1167 hisee,

21 1177 144 1248 seuquis
164 1177 231 1232 alius
246 1195 338 1248 regum
354 1177 439 1233 dedit:
457 1195 516 1232 nem
533 1178 670 1248 scriptores
687 1177 760 1234 ineo
777 1177 826 1234 dis·

22 1254 154 1308 sentiunt.
192 1253 287 1308 Cetera
297 1271 350 1308 non
361 1254 481 1326 ambigua
491 1257 560 1320 eunt,
573 1273 678 1326 magnes
690 1255 849 1327 easoopiss2

23 1346 70 1399 per
90 1330 174 1402 plene
192 1329 273 1384 etiam
293 1347 324 1384 so
343 1329 399 1385 soro
417 1329 560 1402 propinquo
578 1329 740 1397 habitavisse,
758 1331 827 1386 uude

24 1405 142 1461 'luseum
154 1405 249 1471 meum,
263 1424 279 1460 e
289 1405 412 1461 roeebulo
424 1405 585 1472 ebeuarum,
598 1406 703 1462 dimum.

61 1482 115 1538 Sed
125 1485 159 1536 ut
170 1481 261 1536 studie
272 1499 406 1552 prooerum
417 1486 444 1537 et
452 1481 554 1554 largitio
563 1483 683 1555 prinoipis
693 1483 827 1540 sirenum
835 1484 874 1538 66

27 1575 102 1613 easus
114 1557 239 1613 solatium
251 1557 373 1624 tulerant,
385 1558 424 1614 ite
438 1563 615 1615 eoeusatorum
632 1561 714 1632 major
729 1561 757 1615 in
775 1560 829 1616 dies

27 1639 55 1689 et
71 1634 197 1690 infestim
214 1635 256 1690 vis
273 1635 328 1690 sine
344 1635 487 1692 levamento
503 1637 684 1708 gressebetur3
703 1637 829 1708 oorripne·

29 1716 122 1784 ratque
141 1712 244 1766 Varum
263 1711 426 1778 Quintilium,
445 1712 548 1768 liutem
567 1717 595 1769 et
615 1713 711 1770 Gaeseri
727 1713 828 1784 propin·

30 1807 116 1860 quum,
138 1787 275 1844 Domitius
293 1788 366 1854 Afer,
386 1788 499 1844 Claudite
521 1789 640 1845 Pulohrae
660 1789 749 1844 matris
773 1788 829 1859 ejus

30 1865 224 1931 eundemnetor,
245 1864 317 1920 nullo
336 1865 445 1920 muante
464 1865 532 1937 quod
546 1866 591 1923 diu
607 1883 692 1938 egens,
711 1868 829 1936 otperto

28 1961 111 2014 nuper
121 1941 232 2014 premio
244 1941 392 2007 molemus,
405 1942 479 2012 plere
490 1942 523 1999 ad
533 1943 632 2014 flagitia
645 1941 827 2014 accingeretur.

28 2019 152 2075 Publium
174 2017 336 2073 Dolabellam
363 2019 459 2073 sooium
486 2018 620 2074 delationis
644 2019 760 2075 extitisse
783 2019 855 2074 nri-2

28 2097 116 2152 monle
136 2098 205 2160 eret,
227 2095 290 2166 quie
307 2094 381 2150 eloris
400 2095 538 2167 majoribus
561 2099 588 2151 et
607 2096 677 2151 Vero
701 2113 830 2152 oonuexus

29 2191 102 2228 sunm
114 2173 174 2243 ipse
187 2170 356 2237 melisseo,
370 2191 444 2226 suum
456 2173 615 2244 sanguinem,
627 2172 756 2244 perditum
767 2173 829 2229 ibet.

28 2249 142 2306 Restitit
163 2252 253 2303 temen
277 2251 381 2303 senatuis
401 2250 428 2304 et
447 2248 630 2320 opperiendum
652 2249 855 2320 imperatorems

29 2325 151 2392 sensuit;
171 2323 243 2395 quod
253 2342 334 2378 unum
344 2324 491 2396 urgentium
510 2325 635 2380 melorum
650 2327 788 2398 suffugium
803 2325 831 2380 in

29 2405 134 2474 tempus
146 2403 214 2456 erat,
250 2401 288 2456 et
299 2400 385 2456 Goeser
397 2399 518 2456 &diosus
530 2417 577 2472 per
588 2401 752 2473 Campaniam
768 2406 831 2456 tem
841 2403 879 2463 67

30 2477 84 2548 plis,
99 2493 253 2549 quenquam
270 2475 354 2532 edieto
371 2477 511 2532 monuisset
523 2495 556 2531 ne
574 2478 630 2548 quis
649 2478 761 2549 quietem
777 2477 832 2546 ejus

30 2555 199 2625 irrumperet,
212 2569 402 2623 eonoursusque
414 2552 598 2624 oppidanorum
610 2552 734 2624 disposito
751 2550 833 2606 milite

30 2629 243 2700 prohiberentur,
264 2645 371 2700 perosus
393 2631 480 2683 temm
503 2628 641 2699 munioipis
663 2631 690 2681 et
714 2623 832 2682 mloniu,

31 2703 436 2778 omniaqueiooontiuentieite,
452 2704 564 2775 Oeprees
580 2698 776 2758 sensurum
793 2693 835 2747 ὼ
