1936 2968
130 167 178 214 34⁸
468 163 588 215 TACITI
725 201 729 205 .

710 225 745 275 [r.
754 225 782 266 ιι.
793 225 816 266 c.
825 224 870 272 era
879 225 927 266 aaa

108 277 195 332 teatio
207 275 359 332 decernitur.
394 276 605 348 Decernaturque
623 278 650 331 ct
661 280 764 330 maneat
782 276 927 346 provincia

129 353 197 408 libus
215 353 356 424 potentiam
372 371 445 408 suam
462 354 509 409 tali
527 353 602 408 modo
619 351 782 407 ostentandi:
804 351 852 406 sed
869 351 928 405 leus

129 429 193 484 falsu
215 431 242 484 et
266 429 384 500 precibus
408 449 527 502 expressa
550 428 654 500 perinde
677 428 830 484 cohibeatur
850 446 928 498 quarn

108 505 232 570 amalitia,
251 524 327 576 quam
345 506 489 562 crudelitas.
525 506 605 561 Plura
624 523 691 576 sepe
707 508 850 576 peccantur
866 503 928 558 dum

130 582 295 647 demeremur,
317 601 394 653 quam
417 583 479 638 dum
502 582 660 638 offendimus.
697 580 824 640 Quadam
850 580 928 634 immo

131 659 239 714 virtutes
251 658 309 713 odio
318 663 387 724 sunt,
396 661 518 715 severitas
525 659 660 723 obstinata,
670 657 782 712 invictus
790 656 929 711 adrasum

109 736 239 806 5gratiam
250 736 357 790 animus.
393 736 458 791 Iude
476 737 550 792 initia
565 735 762 807 magistratuum
778 737 929 788 nostrorum

131 812 235 867 meliora
246 811 335 879 ferme,
347 815 374 866 et
386 812 444 868 finis
456 813 568 878 inclinat,
583 811 643 867 dum
654 812 682 866 in
693 809 797 864 modurn
811 809 929 865 candida·

130 892 217 942 torum
229 888 350 959 suffragia
362 889 551 958 conquirimus;
571 907 627 960 que
643 889 665 942 si
683 890 829 951 mceantur,
847 903 929 956 oequu·

110 964 207 1019 obilius
219 969 295 1035 atque
313 964 473 1019 constantius
489 964 624 1034 provinciae
641 966 770 1034 regentur.
810 963 884 1016 Nam
900 965 930 1015 ut

132 1044 203 1095 metu
226 1039 426 1111 repetundarum
448 1040 559 1096 infracta
582 1041 687 1094 avaritia
710 1046 759 1104 est,
784 1039 826 1093 ita
849 1039 931 1093 vetita

85 1123 124 1175 ‘22
132 1117 271 1188 gratiarum
292 1118 392 1171 actione
416 1116 520 1171 ambitio
544 1115 729 1171 cohibebitur.'’
765 1114 870 1185 Magno
894 1133 931 1169 aa

132 1211 210 1246 sensu
222 1192 348 1247 celebrata
360 1192 493 1261 sententia,
502 1210 554 1247 non
565 1196 651 1246 tamen
663 1194 768 1246 senatus
781 1192 931 1246 consultum

132 1269 220 1339 perlici
230 1269 323 1339 potuit,
337 1267 507 1324 abnuentibus
519 1268 664 1324 oonsulibus
677 1286 708 1322 ea
719 1267 752 1322 de
763 1285 793 1322 re
812 1268 931 1322 relatum.

110 1345 205 1411 2Mox,
224 1349 328 1400 auctore
348 1345 469 1416 principe,
486 1363 600 1411 sanxere,
617 1363 650 1400 ne
666 1344 725 1416 'quis
744 1343 778 1398 ad
795 1344 933 1399 concilium

133 1423 260 1478 sociorum
271 1422 379 1477 referret
391 1423 502 1494 egendm
514 1423 582 1494 apud
593 1426 709 1477 senatum
727 1422 932 1492 propraetoribus

133 1515 211 1570 prove
235 1499 382 1554 oonsulibus
405 1503 500 1571 grates,
524 1517 575 1554 neu
598 1499 655 1570 quis
675 1517 706 1553 ea
723 1497 858 1568 legatione
878 1499 934 1552 fun·

133 1581 246 1650 geretur.

112 1664 126 1709 8
169 1655 253 1710 Isdem
267 1654 412 1710 concidibus
424 1655 583 1726 gymnasium
594 1654 647 1709 ictu
659 1653 776 1708 fulminis
794 1654 934 1726 conflagra-

136 1734 180 1802 vit,
190 1734 337 1806 effigiesque
349 1734 376 1788 in
388 1751 418 1788 eo
435 1734 546 1789 Neronis
563 1733 596 1788 ad
611 1732 719 1788 informe
736 1749 772 1786 es
785 1731 933 1804 liquefacta

112 1810 170 1865 lEt
193 1815 266 1866 motu
288 1815 364 1865 terre
387 1809 485 1866 celebre
509 1809 653 1881 Campania
672 1806 798 1880 oppidum
819 1807 935 1880 Pompeii

136 1905 227 1958 magna
245 1905 278 1942 ex
293 1891 366 1958 parte
384 1887 491 1958 proruit.
528 1887 707 1956 Defunotaque
725 1885 803 1957 virgo
821 1885 934 1941 Vestalis

135 1963 222 2029 Laelia,
244 1963 272 2018 in
292 1964 366 2036 cujus
387 1963 471 2019 locum
489 1963 606 2018 Cornelia
623 1979 655 2018 ex
676 1961 774 2017 familia
797 1962 935 2018 Gossomu

136 2043 212 2110 capta
222 2044 270 2096 est.

92 2133 129 2184 23
172 2116 936 2190 MemmioRegulo[et]VerginioRnfocousulibus,natam

66 2193 186 2249 atr-anibi
208 2213 241 2249 ex
264 2195 375 2266 Poppae
398 2195 475 2250 tiliam
494 2195 565 2250 Nero
585 2194 654 2248 ultra
678 2193 790 2248 mortale
815 2195 935 2267 gaudium

74 2253 122 2341 ⁸}ss
137 2272 242 2342 accepit,
253 2271 439 2342 appellavitque
446 2272 599 2342 Augustam,
611 2269 671 2324 dato
680 2273 706 2324 et
716 2271 842 2342 Poppaeae
852 2271 936 2326 eodem

86 2351 117 2388 ⁶⁸·
138 2352 313 2416 cognomento.
350 2347 436 2402 Locus
461 2347 595 2418 puerperio
619 2345 718 2401 colonia
742 2347 859 2402 Antium
883 2346 935 2409 fuit,

115 2401 182 2473 ²ubi
193 2421 247 2488 ipse
259 2426 397 2489 generatus
409 2427 472 2477 erat.
509 2424 526 2476 J
527 2441 567 2477 arn
579 2426 684 2478 senatus
695 2425 804 2478 uterum
820 2425 937 2496 Poppn

136 2493 355 2548 commendaverat
377 2497 426 2560 dis,
448 2502 559 2568 votaque
576 2497 676 2568 publice
691 2505 868 2570 susceperat3
887 2515 937 2571 qun

114 2567 484 2642 smultiplicataexsolutaque.
512 2576 548 2629 Et
560 2575 652 2630 addite
660 2576 870 2646 upplicationes
878 2583 936 2631 teru-

135 2637 255 2706 plumque
267 2641 437 2709 Fecunditati,
451 2652 478 2701 et
490 2653 619 2704 certamen
632 2651 664 2704 ad
675 2652 811 2722 exemplar
825 2654 936 2708 Actiaca

4 2721 44 2736 ···
135 2707 264 2774 religionis
277 2713 415 2782 decretum,
429 2725 510 2791 utque
522 2724 696 2780 Fortunarum
709 2727 810 2799 effigies
822 2728 938 2784 aureein
