2026 2992
26 217 40 254 Α
57 215 74 254 D
90 215 134 264 1⁶]
238 149 437 200 ANNALIUM
455 149 491 198 11
509 148 613 200 24-27.
793 147 824 198 el

26 265 222 333 postoonstrata
230 279 355 336 equorum
363 261 525 332 virorumque
534 257 683 332 oorpou'bus
694 258 825 324 litoreos·

27 339 78 396 dem
84 340 192 406 virtute,
202 339 261 412 pari
271 339 376 405 ferocia
389 341 416 394 et
428 337 499 394 velut
511 337 582 395 aueti
592 354 706 402 numero,
718 335 825 407 irrupis-

28 421 85 472 sent.
110 416 250 472 mouetur
262 415 322 472 inde
333 415 361 471 in
372 414 478 470 hiberus
488 414 569 479 miles,
581 413 656 470 letus
668 413 745 468 animi
757 411 825 484 quod
835 412 873 467 26

28 492 125 548 adversa
136 493 217 550 maris
231 492 394 564 expeditione
407 509 529 564 prospera
544 490 710 562 pensavisset.
746 489 825 546 Addi-

27 569 60 624 dit
71 570 276 626 munificentiam
288 569 382 634 Cesar,
392 571 517 640 quantum
528 567 586 639 quis
599 565 684 624 domni
695 566 825 640 professus

27 657 83 718 erat,
96 651 264 710 exsolvendo.
302 653 360 708 Neo
372 651 478 708 dubium
489 649 631 706 habebatur
642 649 727 706 labare
738 650 825 706 hostes
835 660 851 707 ²

26 729 189 802 petendrsque
207 729 278 802 panis
295 729 401 786 oonsilio
415 746 523 794 sumere,
536 735 570 793 et,
584 729 607 783 si
620 727 736 799 proxima
750 736 825 784 aestas

26 813 183 883 adjiceretur,
197 831 275 884 posse
286 813 382 868 bellum
394 812 498 884 patrari.
536 811 588 868 Sed
601 811 697 868 enebris
711 811 851 883 epistolist

26 889 137 946 liberius
161 889 295 956 monebat,
320 889 416 945 rediret
442 889 475 944 ad
498 887 629 944 decretum
651 888 826 960 triumphum:

26 968 84 1022 satis
104 968 159 1040 jum
184 971 335 1033 eventuum,
355 966 419 1024 satis
437 985 560 1022 ossuum:
595 983 718 1037 prospers
739 965 776 1022 illi
799 969 827 1022 et

26 1062 114 1114 magns
124 1043 236 1116 prolia:
256 1062 345 1100 eorum
357 1061 459 1114 quoque
471 1041 629 1100 meminisset
643 1061 699 1114 que
713 1043 784 1098 venti
800 1045 827 1098 et

26 1121 124 1187 lluotus,
137 1121 215 1178 nulle
226 1120 299 1176 dunis
311 1119 393 1191 eulpa,
406 1119 494 1192 gravis
508 1123 596 1174 tamen
610 1122 637 1174 et
653 1137 720 1174 aeva
735 1118 828 1174 damna

27 1197 189 1254 intulissent:
216 1215 244 1252 se
262 1196 351 1252 novies
369 1214 386 1252 a
404 1195 463 1252 divo
479 1197 600 1267 Augusto
620 1195 648 1250 in
667 1196 828 1251 Germanum

27 1273 128 1330 missum
143 1274 224 1346 plura
240 1274 346 1330 oonsilio
362 1291 439 1345 quam
450 1272 477 1328 ri
492 1272 643 1344 perfecisse:
669 1272 706 1328 eie
722 1273 827 1345 Sugam-

27 1357 82 1413 bros
93 1359 122 1414 in
133 1357 294 1415 deditionem
311 1361 437 1429 woeptue,
454 1357 492 1412 sio
509 1357 606 1412 Suevos
621 1373 757 1429 regemque
771 1357 828 1412 Me

27 1435 168 1491 roboduum
189 1453 254 1506 paee
272 1433 440 1491 obstrictum:
464 1451 540 1504 posse
557 1437 584 1488 et
599 1432 743 1490 Cherusoos
762 1437 828 1490 oete·

27 1530 114 1583 rasque
125 1511 265 1569 rebellium
276 1515 375 1584 gentes,
388 1511 508 1582 quoniam
519 1510 645 1566 Romane
661 1510 755 1566 ultioni
770 1529 828 1568 eon-

27 1588 121 1644 sultum
145 1593 227 1656 esset,
251 1589 359 1646 internis
383 1587 516 1644 disoordiis
539 1586 658 1658 relinqui.
702 1588 853 1647 Preeent04

30 1665 179 1722 Germanioo
196 1684 292 1722 aunum
308 1664 444 1722 efficiendis
462 1664 559 1736 emptis,
579 1665 662 1720 aerius
678 1663 829 1722 modestiam

30 1742 82 1812 ejus
94 1741 250 1815 aggreditur
258 1742 367 1798 alterum
375 1741 536 1798 oonsulatum
545 1741 682 1807 offerendo,
690 1742 763 1813 eujus
775 1760 830 1796 mu-

31 1819 71 1873 nia
91 1839 208 1892 presens
232 1819 324 1876 obiret.
361 1819 443 1876 Simul
468 1819 627 1885 annectebat,
649 1819 673 1874 si
695 1818 762 1873 foret
786 1817 852 1877 uel-5

32 1894 78 1951 hue
88 1895 247 1962 bellandum,
260 1897 415 1969 relinqueret
427 1897 559 1953 materiem
571 1897 654 1951 Drusi
673 1895 761 1951 fratris
777 1896 830 1968 glo-

31 1972 79 2038 rie,
91 1975 144 2045 qui,
157 1973 232 2029 nullo
246 1978 303 2030 tum
315 1973 365 2029 alio
381 1973 463 2038 hoste,
476 1972 579 2028 nonnisi
595 1972 664 2043 apud
682 1973 830 2028 Germanias

32 2051 130 2122 assequi
138 2068 236 2105 nomen
247 2050 439 2122 imperatorium
451 2053 479 2105 et
491 2049 625 2120 deportare
644 2049 758 2104 lauream
773 2067 830 2121 poe

31 2130 75 2180 set.
111 2126 197 2182 Haud
208 2129 346 2182 ounetetue
358 2129 399 2182 est
414 2127 485 2182 ultra
496 2126 672 2192 Gemunious,
685 2140 856 2198 quanquemt

31 2201 90 2273 fingi
101 2221 140 2268 eu
155 2221 237 2274 seque
253 2221 300 2275 per
310 2202 430 2258 uvidium
448 2207 525 2274 parto
539 2203 593 2275 jam
605 2202 692 2259 decori
707 2203 829 2269 abstrahi,

32 2277 195 2351 intelligeret.

64 2355 118 2411 Sub
134 2355 206 2411 idem
222 2358 326 2427 tempus
344 2374 359 2411 e
375 2355 472 2410 familia
482 2355 673 2412 Scriboniorum
684 2355 752 2411 Libo
763 2355 830 2411 Dru·
839 2356 878 2418 27

34 2447 74 2485 sus
92 2431 212 2488 delertm
230 2431 315 2488 moliri
332 2451 375 2488 res
395 2449 483 2488 novus.
519 2433 584 2504 Ejus
604 2432 702 2504 negotii
720 2432 831 2498 initium,

35 2507 154 2575 ordinem,
177 2509 254 2564 finem
274 2509 390 2566 curatius
412 2509 541 2574 disseram,
563 2510 624 2581 quia
643 2514 701 2564 tum
722 2511 832 2581 primunr

36 2590 133 2654 reperta
144 2590 207 2641 sunt
220 2604 277 2657 quar
287 2605 335 2656 per
345 2589 387 2642 tot
405 2604 486 2642 annos
503 2605 558 2642 rem
571 2585 700 2657 publicam
716 2585 831 2641 exedere.

37 2658 144 2719 Firmius
169 2663 252 2718 Catus
275 2667 388 2732 senator,
411 2681 445 2719 ex
467 2663 559 2718 intima
580 2663 688 2718 Iribonis
712 2661 857 2724 amintas

37 2735 152 2805 iuvenem
175 2738 348 2811 improvidum
372 2745 400 2797 et
426 2739 528 2796 labilem
550 2739 676 2804 inanibus,
701 2737 734 2793 ed
757 2735 832 2791 chal-
