2026 2992
42 215 140 269 mm
247 155 450 206 ANNALIUM
468 153 503 206 11.
517 157 619 206 82-85.
795 153 827 204 dd

40 267 123 336 jecerat
134 271 160 322 et
172 267 293 324 'liberius
305 285 360 324 uon
370 267 398 323 id
408 271 510 339 tempus
524 283 645 333 oensura,
660 281 716 334 nec,
731 263 827 337 siquid

41 343 193 400 tumoribus
217 345 326 410 labaret,
352 343 500 400 defuturum
523 341 666 416 corrigendi
689 345 826 398 auctorem

41 419 174 491 Interque
188 421 223 476 L.
237 421 300 476 Piso
316 421 442 476 ambitum
459 421 516 486 fori,
530 423 650 491 corrupta
665 417 769 491 judicia,
783 425 876 484 areat

41 495 117 550 vitiam
133 502 276 562 oratorum,
295 497 469 552 accusationes
486 497 660 552 minitantium
684 496 826 568 increpans,

40 571 99 626 abira
113 591 140 628 se
157 577 187 628 et
204 573 298 628 cedere
317 573 390 639 urbe,
408 573 535 629 victurum
553 573 581 628 in
597 573 681 645 aliquo
697 571 784 628 abdito
801 576 828 629 et

40 647 165 720 longinquo
182 667 253 716 rure,
268 649 429 715 testabatur3
455 649 531 705 simul
547 649 643 705 curiam
661 649 827 720 relinquebat.

40 723 179 780 Commotus
193 729 236 780 est
253 725 380 792 rliberius,
399 730 425 781 et
443 744 596 797 quamquam
615 724 721 780 mitibus
743 724 852 780 verbine

38 800 147 856 Pisonem
163 801 354 872 permulsisset,
370 803 524 872 propinquos
541 819 642 874 quoque
654 801 709 874 ejus
727 801 829 872 impulit

38 880 65 930 nt
75 878 213 933 abeuntem
226 879 380 933 auctoritate
396 879 437 933 rel
452 879 569 950 precibus
588 881 713 934 tenerent.
749 876 853 933 Haurit

36 953 113 1008 nunus
124 955 203 1010 liberi
223 953 319 1009 doloris
333 955 513 1010 documentum
527 954 595 1010 idem
610 955 672 1010 Piso
684 972 743 1009 mox
760 953 830 1012 dedit

37 1035 121 1084 vocata
131 1032 217 1102 injus
229 1031 380 1102 Urgulania
394 1049 469 1102 quem
484 1047 561 1103 supra
574 1031 644 1103 leges
656 1031 767 1086 amicitia
777 1033 830 1087 Au·

36 1111 113 1177 gualae
128 1107 270 1162 extulerat.
307 1108 364 1163 Nec
379 1112 423 1163 aut
437 1107 581 1179 Urgulania
594 1107 786 1178 obtemperarit,
804 1107 856 1164 int

37 1183 132 1238 domum
145 1183 260 1238 Ooesaris
272 1188 359 1254 spreto
374 1185 468 1239 Pisone
482 1188 563 1250 recta
582 1187 627 1239 aut
642 1184 684 1238 ille
699 1185 830 1252 abscessit,

38 1276 184 1332 quamquam
203 1261 328 1332 Augusta
345 1279 373 1315 se
389 1261 477 1316 violari
495 1265 522 1316 et
539 1261 655 1316 imminui
673 1265 829 1332 quereretur.

35 1335 146 1393 liberius
158 1339 289 1392 hactenus
301 1336 432 1410 indulgere
444 1337 520 1394 matri
532 1338 605 1392 civile
616 1342 688 1392 ratus
699 1343 730 1393 ut
743 1357 770 1394 se
781 1339 855 1406 itu-5

36 1429 88 1467 rum
99 1415 131 1469 ad
139 1413 263 1486 praetoris
276 1412 395 1478 tribunal,
406 1413 554 1468 adfutrrrum
566 1413 714 1486 Urgulania
727 1415 829 1480 diceret,

35 1491 153 1559 processit
164 1490 277 1554 Palatio,
291 1489 380 1560 procul
391 1490 463 1561 sequi
472 1490 551 1562 jussis
558 1491 691 1546 militibus.
728 1491 855 1563 Spectas

36 1566 106 1621 batur
116 1569 275 1622 occursante
290 1565 384 1637 populo
401 1567 556 1638 compositus
569 1583 619 1634 ore,
634 1571 660 1623 et
672 1568 831 1624 sermonibus

37 1644 106 1698 variis
117 1648 225 1714 tempus
244 1646 323 1714 atque
341 1643 391 1697 iter
407 1643 510 1710 ducena,
526 1645 606 1700 donee
624 1645 772 1716 propinquis
790 1643 833 1698 Pi-

36 1737 117 1775 sonem
135 1721 238 1775 frustm
253 1719 430 1775 co'e'roentibus
447 1721 540 1776 deferri
557 1724 677 1793 Augusta
691 1721 831 1792 pecuniam,

37 1815 88 1864 qure
102 1798 253 1868 petebatur,
262 1796 373 1867 juberet.
409 1797 488 1868 Inque
502 1799 560 1854 finis
569 1800 622 1865 rei;
641 1817 674 1853 ex
686 1817 737 1869 qua
750 1809 857 1868 nequet

36 1872 93 1928 Piso
110 1874 240 1946 inglorius
261 1875 288 1928 et
310 1873 396 1928 Caesar
415 1875 511 1945 majore
531 1876 599 1930 fama
617 1875 674 1930 fuit.
712 1875 857 1930 Ceterum8

36 1951 182 2023 Urgulanioe
192 1951 316 2023 potentia
327 1949 389 2006 adeo
400 1951 479 2006 nimia
490 1953 588 2008 civitati
602 1957 664 2018 erat,
678 1955 708 2008 rt
720 1953 794 2008 testis
807 1952 834 2008 in

35 2045 109 2083 eausa
125 2029 250 2101 quadem,
270 2047 327 2099 quae
345 2027 413 2099 apud
430 2032 546 2083 senatum
563 2028 728 2096 tractabatur,
748 2030 834 2086 venire

33 2103 233 2176 dedignaretur:
254 2105 348 2160 missus
359 2107 400 2160 est
411 2108 506 2175 praetor
517 2105 562 2177 qui
575 2105 644 2160 domi
655 2106 832 2178 interrogaret,

34 2198 88 2236 cum
105 2183 224 2254 virgines
239 2181 360 2236 Vestales
374 2182 402 2236 in
413 2181 469 2236 foro
486 2185 512 2237 et
522 2181 618 2254 judicio
631 2181 720 2249 audui,
734 2184 834 2255 quoties

34 2260 213 2314 testimonium
225 2257 348 2322 dicerent,
361 2261 435 2313 vetus
447 2277 502 2313 mos
514 2259 600 2314 fuerit.

64 2337 121 2390 Res
134 2353 167 2390 eo
181 2351 251 2388 anno
262 2335 374 2406 prolatas
386 2335 454 2390 baud
465 2335 593 2402 referrem,
606 2335 634 2390 ni
645 2335 757 2406 pretium
768 2336 835 2391 foret
845 2343 882 2398 35

35 2410 78 2466 Cu.
92 2411 201 2466 Pisonis
221 2413 249 2466 et
270 2411 355 2466 Asinii
374 2411 440 2466 Gelli
458 2429 534 2482 super
552 2431 583 2467 eo
600 2413 704 2484 negotio
723 2413 836 2468 diversas

34 2489 177 2543 sententias
190 2505 305 2542 noscere.
342 2487 411 2553 Piae,
429 2507 581 2560 quamquam
598 2489 729 2543 afuturum
743 2508 771 2543 se
784 2489 861 2547 dix-2

35 2569 86 2618 erat
104 2565 206 2630 Caesar,
223 2563 257 2618 ob
273 2563 301 2619 id
318 2565 399 2636 magis
418 2565 528 2636 agendas
543 2565 670 2630 censebat,
685 2570 716 2619 ut
732 2565 838 2620 absente

36 2641 150 2712 principe
167 2643 288 2696 senatum
300 2645 328 2696 et
344 2642 443 2712 equites
459 2659 534 2713 posse
550 2661 597 2697 sua
607 2642 695 2696 munia
712 2641 839 2694 sustinere

37 2719 159 2772 decorum
171 2719 212 2772 rei
223 2717 333 2788 publicae
345 2717 421 2773 foret.
457 2719 554 2784 Gallus,
569 2718 629 2789 quia
645 2715 756 2786 speciem
765 2711 863 2770 liber-o

67 2805 128 2842 rac..
139 2805 199 2835 sorr.
210 2805 227 2834 r.
452 2809 469 2849 ῃ
