2030 3000
45 212 93 252 Η.
103 211 145 262 Μ
229 151 427 200 ANNALIUM
444 151 522 200 xm.
536 155 607 201 8-8.
779 153 824 204 271

16 283 17 298 ¹
43 263 91 316 tbcs
102 269 127 316 et
139 262 195 332 rapi
207 262 354 316 Armeniam
371 262 474 316 allatum
492 266 542 328 cst,
560 262 634 334 pulso
649 261 825 327 Rhadamisto,

44 339 78 408 qui
88 356 153 409 sepe
165 338 239 409 regni
251 338 308 408 ejus
318 339 425 409 potitus,
438 339 497 394 dein
509 340 641 410 profugus,
654 344 708 394 turn
726 357 826 410 quoque

43 413 125 468 bellum
149 413 306 469 deseruerat.
341 415 428 484 Igitur
450 415 478 470 in
500 415 563 470 urbe
582 433 726 470 sermonum
745 415 851 481 aridai

43 490 244 560 quamadmodum
256 491 373 562 princeps
385 491 429 546 rix
437 491 611 563 septendecim
619 509 699 546 anuos
708 509 827 563 egressus

43 570 159 640 suscipere
183 587 240 625 eam
264 570 358 625 molem
381 574 427 625 ant
453 571 601 642 propulsare
627 571 828 642 posset-quod

44 645 172 702 subsidium
190 645 268 702 ineo
285 647 329 718 qui
346 665 363 701 s
379 647 474 702 femina
487 651 726 720 regerem—num
742 648 829 718 prelia

44 740 130 792 quoque
148 726 176 778 et
199 724 403 794 oppugnationes
421 723 523 778 urbium
543 727 570 778 et
594 728 682 779 cetera
699 724 759 780 belli
782 743 828 795 per

44 804 174 930 theth
188 799 713 948 mminfflbaimilililit
725 801 851 932 tlt?

44 955 65 1004 et
80 952 177 1022 ignada
198 952 321 1006 Claudius
339 953 435 1008 militiae
454 953 601 1008 adlabores
617 957 758 1019 vocaretur,
776 973 828 1009 ser-

44 1028 121 1084 vilibus
130 1029 213 1101 jussis
225 1029 456 1100 obtemperaturus.
491 1031 602 1085 Burrum
615 1036 702 1086 tamen
714 1035 740 1086 ct
753 1033 852 1086 Seue-4

44 1106 237 1161 canmultarum
250 1125 335 1161 rernm
351 1107 507 1178 experientis
524 1107 641 1178 cognitos
650 1130 658 1172 ς
676 1111 703 1162 ct
721 1108 828 1178 impers-

43 1183 85 1236 tori
105 1187 231 1254 qnantum
255 1183 287 1237 ad
310 1183 388 1238 robur
411 1182 507 1248 deesse,
532 1201 591 1238 oum
615 1187 706 1238 octavo
729 1182 827 1238 decimo

44 1259 114 1314 etatis
134 1277 204 1314 anno
222 1259 269 1313 On.
283 1259 428 1330 Pornpeins,
447 1258 629 1314 nonodecimo
647 1260 732 1315 Caesar
750 1261 827 1316 Octa·
909 1301 912 1306 ,

44 1335 128 1400 risum,
147 1335 236 1391 eivilia
253 1335 320 1390 bella
339 1336 527 1391 sustinuerint?
545 1335 669 1408 Pleraque
685 1337 713 1392 in
728 1335 850 1392 summat

44 1409 133 1468 fortuna
144 1413 267 1482 auspiciis
278 1417 305 1466 et
317 1413 427 1467 consiliis
440 1431 515 1484 quam
526 1413 584 1468 telis
597 1417 623 1467 et
634 1414 750 1469 manibus
762 1415 825 1485 geri.

44 1487 159 1544 Daturum
170 1489 249 1560 plene
265 1488 453 1557 documentum,
466 1489 581 1544 honestis
598 1507 631 1544 an
648 1508 722 1545 secus
739 1491 850 1547 amiciso

44 1567 154 1631 uteretur,
175 1565 200 1620 si
217 1565 308 1620 ducem
333 1571 418 1620 amota
440 1565 536 1620 invidia
553 1567 692 1656 egregium,
710 1585 786 1636 quam
804 1567 827 1622 si

44 1643 198 1710 mammam
210 1647 237 1696 et
249 1642 333 1712 gratia
344 1641 480 1696 subnixum
497 1660 542 1712 per
554 1643 677 1698 ambrtum
694 1642 824 1712 deligeret.

44 1718 96 1772 Hac
110 1723 190 1796 atque
200 1719 264 1772 talia
274 1717 445 1789 vulgantibus,
459 1717 531 1773 Nero
543 1723 569 1774 et
579 1720 741 1790 juventutem
753 1721 853 1788 prox-7

43 1793 95 1849 imas
109 1814 155 1866 per
171 1795 316 1866 provincias
338 1794 470 1865 quaesitam
491 1794 638 1866 supplendis
659 1794 771 1848 Orientis
791 1793 827 1848 le·

42 1871 149 1940 gionibns
158 1889 314 1936 ammovere,
324 1871 488 1941 legionesque
495 1870 563 1942 ipsas
573 1870 827 1942 propiusArmeniam

42 1947 147 2002 coloceri
166 1948 250 2020 jubet,
279 1947 393 2017 duosque
416 1951 516 2002 veteres
539 1965 613 2018 reges
636 1947 776 2017 Agrippam
800 1948 826 2000 ct

42 2025 188 2080 Antiochum
200 2023 320 2094 expedire
332 2023 425 2094 copies,
439 2023 496 2093 quis
510 2023 664 2078 Parthorum
680 2023 742 2077 lines
758 2021 827 2076 ultro

42 2100 156 2156 intrarent
165 2125 173 2168 ;
193 2101 270 2155 simul
287 2107 379 2170 pontes
396 2119 442 2170 per
459 2117 558 2155 amnem
576 2100 726 2170 Euphraten
745 2099 826 2170 jungi.

41 2176 70 2231 n
80 2179 202 2232 minorem
214 2177 362 2232 Armeniam
374 2177 523 2232 Aristobulo
542 2177 678 2248 regionem,
693 2177 851 2247 Sophenent

41 2253 147 2309 bohemo
159 2272 219 2309 cum
230 2253 373 2323 insignibus
385 2253 462 2323 regiis
478 2252 589 2307 mandat.
625 2253 788 2323 Exortusque
800 2253 828 2307 in

41 2333 145 2400 nmpore
157 2331 265 2386 aemulus
274 2329 403 2400 Vologeso
412 2329 479 2384 filius
488 2328 614 2383 Vardanis
622 2351 629 2394 ;
648 2333 674 2383 et
684 2329 828 2384 abscessere

41 2406 152 2462 muenia
164 2407 263 2470 Parthi,
277 2409 398 2476 tanquam
411 2405 541 2460 differrent
558 2405 660 2460 bellum.
698 2403 748 2459 Sed
760 2404 855 2475 apud8

41 2488 150 2538 sonetum
162 2483 248 2538 omnia
256 2483 284 2537 iu
292 2483 373 2552 majus
384 2482 510 2537 celebrata
518 2485 586 2547 sunt,
598 2481 730 2536 sententiis
740 2499 828 2536 eorum

41 2558 78 2627 qui
99 2560 301 2632 supplicationes
325 2562 351 2612 et
373 2558 461 2614 diebus
485 2559 705 2630 supplicationum,
730 2561 828 2610 vestem

41 2635 139 2707 principi
155 2634 344 2706 triumphalem,
364 2638 446 2704 utque
456 2650 534 2688 orans
550 2634 639 2688 urbem
650 2633 734 2694 iniret,
752 2630 828 2698 effigi·

41 2728 108 2782 esque
120 2713 181 2786 ejus
190 2713 248 2784 pani
259 2710 437 2783 magnitudine
447 2728 478 2766 ac
488 2711 584 2764 Martis
594 2707 693 2762 Ultoris
704 2704 793 2758 eodmn
801 2702 830 2755 in
