1960 2952
145 97 177 144 ²8
379 115 382 126 ·
483 93 603 142 raom
706 103 709 110 ·

789 155 829 204 [m
839 155 974 197 uestes

145 203 276 258 avaritiam
292 207 337 256 aut
349 203 527 260 crudelitatem
539 221 664 260 consensu
676 203 894 274 objectavissent,
907 205 955 260 scl-
973 199 974 236 ³

144 279 252 332 vehatur
263 279 361 332 militia.

96 357 134 412 45
180 354 222 409 Sic
238 355 385 425 compositis
401 354 577 425 presentibus,
596 355 665 410 baud
679 355 761 409 minor
778 356 867 411 moles
883 373 955 428 supe·

144 434 213 483 reret
236 429 269 484 ob
293 430 413 485 ferociam
432 431 528 501 quintae
548 435 576 486 et
596 431 787 486 unetvicesimae
809 431 952 504 legionum,
973 481 974 498 p

145 505 330 576 sexagesimum
350 506 418 577 apud
437 507 547 578 lapidem
567 507 634 577 (loco
653 508 749 562 Vetera
768 527 873 563 nomen
894 511 953 578 est)
973 521 974 536 ³

121 581 342 637 2hibernantium.
379 583 447 638 Nam
475 583 551 654 primi
579 583 731 638 seditionem
755 589 974 654 ooepteverantE

146 657 332 712 atrocissimum
351 658 469 729 quodque
487 659 586 714 lacinus
613 660 705 714 horum
720 660 844 716 manibus
871 659 974 732 patra

45 769 49 774 ·
145 736 217 799 tum3
235 752 283 790 nec
295 753 369 804 poena
381 735 582 790 commilitonum
597 736 716 790 exterriti
730 754 780 791 nec
799 739 954 807 paenitentia

121 812 262 867 econversi
272 811 323 866 iras
339 811 492 867 retinebant.
528 812 615 883 Igitur
633 813 718 867 Oaesar
734 831 814 878 arma,
833 814 952 880 classem,

146 885 228 941 socios
245 886 379 942 demittere
391 887 483 943 Rheno
496 893 577 959 parat,
596 889 619 944 si
630 887 764 960 imperium
778 888 951 954 detrectetur,

146 960 212 1016 bello
225 967 378 1018 certaturus.

98 1041 137 1096 46
185 1043 223 1096 At
234 1041 325 1094 Rome
335 1039 449 1094 nondum
461 1040 564 1112 cognito
577 1041 620 1111 qui
632 1041 724 1094 fuisset
740 1040 828 1095 exitus
844 1041 877 1096 in
894 1042 952 1113 1115-

147 1122 207 1186 rico,
227 1121 253 1173 et
270 1117 399 1188 legionum
419 1117 625 1173 Germanicarum
642 1122 712 1172 motu
732 1117 830 1184 audito,
850 1119 953 1190 trepida

147 1199 236 1253 civitas
248 1195 364 1249 incusare
380 1193 510 1248 Tiberium
526 1194 601 1264 quod,
616 1195 677 1249 dum
692 1199 778 1265 patres
795 1199 824 1248 et
840 1196 950 1266 plebem,

147 1271 299 1328 invalida
273 1289 287 1324 e
317 1270 431 1335 inermia,
449 1273 552 1326 cunctat
526 1271 611 1326 atione
626 1271 687 1326 ficta
703 1270 860 1336 ludificetur,
881 1272 952 1326 d’nsi·

148 1349 252 1404 deatin
252 1347 325 1402 terim
346 1346 424 1411 miles,
444 1365 526 1418 neque
544 1346 652 1402 duorum
671 1346 876 1403 adolescentium
894 1365 951 1404 non·
971 1363 974 1458 p

124 1426 210 1482 2dum
222 1423 309 1479 adulta
324 1423 434 1478 auctorit
435 1427 477 1478 ate
492 1425 624 1494 comprimi
640 1427 724 1495 queat.
705 1423 830 1478 t'Ire
822 1443 914 1496 ipsum
928 1429 974 1482 et

148 1518 275 1573 opponere
299 1500 459 1570 majestatem
478 1500 667 1570 imperatoriam
690 1500 809 1555 debuisse
832 1503 951 1567 cessuris,

150 1577 194 1633 ubi
214 1577 354 1648 principem
377 1575 454 1647 longa
475 1577 631 1647 experientia
652 1576 811 1647 eundemque
831 1579 974 1632 severita

125 1655 183 1713 atis
197 1658 223 1709 et
234 1652 414 1709 mmifleentiae
426 1671 554 1707 summum
571 1652 703 1708 vidissent
740 1655 784 1706 An
798 1655 974 1724 Augustum

149 1733 217 1786 fessa
232 1732 353 1786 aetateto
337 1731 421 1784 otiens
439 1729 467 1783 in
488 1730 635 1784 Germanias
657 1746 798 1784 commeare
819 1731 950 1800 potuisse:

149 1808 279 1862 Tiberium
298 1805 427 1874 vigentem
446 1805 519 1860 annis
535 1805 628 1864 sedere
643 1806 671 1860 in
691 1809 790 1868 senatu,
811 1805 895 1860 verba
913 1825 951 1878 pa-

125 1888 219 1938 4trum
234 1883 412 1938 cavillantem?
432 1882 500 1936 Satis
517 1885 681 1953 prospectum
696 1881 800 1936 urbane
814 1883 950 1938 servituti:

150 1957 302 2013 militaribus
324 1957 414 2014 animis
430 1957 572 2013 adhibenda
592 1958 713 2024 fomenta,
730 1961 760 2012 ut
776 1957 845 2012 ferre
862 1976 951 2029 paoem
973 1987 974 1990 ι

151 2033 239 2089 velint.

102 2117 140 2172 47
187 2110 327 2166 Inuictum
348 2108 470 2164 adversus
487 2128 531 2165 eos
550 2128 680 2166 sermones
700 2111 831 2180 fixumque
848 2109 950 2166 Tiberio

153 2186 211 2252 suit,
221 2204 275 2242 non
285 2185 404 2241 omittere
416 2191 494 2257 caput
506 2205 600 2252 rerum,
613 2205 696 2258 neque
713 2205 741 2242 se
752 2203 858 2257 remque
870 2187 949 2257 publi·

128 2276 208 2321 acam
220 2262 248 2317 in
260 2280 348 2318 casum
360 2260 428 2318 dare.
464 2262 551 2318 Multa
563 2264 657 2335 quippe
669 2267 695 2318 et
707 2262 808 2318 diversa
815 2264 948 2333 angebant,

151 2339 257 2394 validior
276 2357 322 2410 per
343 2339 504 2394 Germaniam
519 2341 616 2395 exercit
604 2345 655 2405 t,us
677 2341 780 2411 propior
799 2339 868 2410 apud
886 2341 948 2395 Pan·

151 2416 271 2478 nonium,
288 2414 332 2466 ille
360 2413 500 2467 Galliarum
527 2414 618 2484 opibus
647 2415 780 2482 subnixus,
802 2415 845 2470 bic
869 2415 947 2472 [taliae

152 2489 301 2542 imminens.
320 2503 384 2554 quos
412 2487 492 2555 igitur
518 2489 677 2544 anteferret?
696 2509 733 2555 ac,
758 2508 791 2544 ne
814 2491 947 2560 postpositi

130 2559 307 2620 acontumelia
323 2559 525 2616 incenderentur.
570 2565 608 2616 At
624 2581 670 2632 per
686 2565 751 2620 filios
766 2565 863 2634 pariter
877 2567 945 2631 adiri¹

130 2634 287 2704 emajestate
305 2631 382 2696 salva,
395 2632 437 2686 cui
447 2634 527 2704 major
543 2654 558 2691 e
573 2637 712 2708 longinquo
727 2641 875 2696 reverentia
914 2643 946 2698 ai
