1866 2944
106 109 151 156 116
443 108 561 156 TAClTI

739 170 775 218 [s.
788 169 818 209 n.
830 171 853 208 o.
863 169 911 210 m.

102 218 194 290 vulgus
215 217 384 272 obaeratorum
411 222 456 274 aut
480 219 611 274 clientium
635 235 706 272 arma
727 219 820 288 cepit;
842 227 914 289 pete-

101 295 214 364 bantque
231 293 421 366 saltusquibus
438 313 530 350 nornen
545 293 692 360 Arduenna,
711 313 772 349 cum
793 295 915 366 legionoe

103 375 212 442 utroque
225 371 256 426 ab
266 371 394 436 exercitu,
408 389 471 442 quas
483 371 606 428 Visellius
618 375 644 425 et
658 370 689 424 Ο.
703 371 786 428 Silius
795 372 914 428 adversis

82 447 236 502 titineribus
255 447 407 518 objecerant,
432 452 576 502 arcuerunt.
612 447 823 519 Praemissusque
851 467 913 503 curu

104 524 202 578 delecta
220 543 299 578 mann
316 525 401 580 Julius
421 523 502 580 Indus
520 543 534 579 e
554 523 658 580 civitate
682 524 782 588 eadem
811 525 912 580 discors

104 599 180 654 Floro
191 605 218 655 et
231 600 263 655 ob
275 600 302 656 id
319 600 441 656 navandn
458 619 543 672 opera
556 600 660 668 audior,
672 600 836 656 inconditam
848 601 912 655 rnul-

83 676 241 732 4titudinem
260 677 344 732 adhuc
361 676 469 748 disjecit.
506 676 597 731 Florus
613 676 719 732 incertis
736 677 847 732 latebris
859 678 912 732 vio-

105 757 175 808 tores
198 752 337 808 frustratus
355 761 493 824 postremo,
512 753 573 808 visis
592 753 718 808 militibus
743 754 791 823 qui
816 755 912 824 effugeris

106 830 258 894 insederant,
272 848 319 884 sua
327 848 404 884 manu
416 829 516 886 cecidit.
547 829 626 900 Isque
638 829 769 884 Treverici
778 831 910 885 truurdtus

61 907 171 966 43finis.
209 906 285 978 Apud
298 907 399 961 AEduos
411 907 491 978 major
502 906 581 960 moles
594 910 690 972 exorta,
704 911 807 977 quanto
820 908 910 964 civitas

107 983 250 1052 opulcntior
263 988 289 1037 et
309 983 490 1054 comprimendi
507 981 594 1052 procul
612 982 766 1054 praesidium.
808 985 911 1054 Augus

107 1059 239 1124 todunum,
268 1065 345 1131 oaput
368 1061 461 1130 gentis,
487 1059 762 1114 armetis'eohortibus
791 1061 910 1116 Sacrom

107 1141 275 1206 occupaverat
287 1141 314 1192 et
326 1136 508 1191 nobilissimam
526 1135 663 1190 Galliarum
679 1135 807 1201 subolem,
821 1137 910 1192 libera·

107 1211 173 1266 libus
186 1211 278 1268 studiis
296 1213 332 1268 ibi
349 1216 486 1284 operatam,
506 1217 582 1268 uteo
599 1213 705 1283 pignore
717 1219 842 1283 parentes
855 1232 910 1285 pro

87 1289 267 1359 2pinquosque
288 1308 377 1344 eorum
401 1289 559 1362 adjungeret.
597 1289 679 1342 Simul
701 1307 782 1354 arma,
809 1291 910 1346 ooeun

108 1365 238 1430 fabricata,
250 1365 379 1437 juventuti
390 1365 516 1436 dispertit.
546 1365 725 1436 Quadraginta
736 1366 820 1422 nu'llia
831 1367 909 1432 luere,

109 1441 198 1513 quinta
209 1443 250 1496 sui
262 1446 334 1512 parte
346 1441 490 1513 legionariis
510 1441 594 1506 armis,
611 1443 691 1498 ceteri
702 1460 762 1498 cum
776 1443 909 1500 venabulis

86 1521 135 1574 aet
147 1518 244 1586 cultris,
257 1537 363 1589 quaque
375 1518 424 1572 alia
433 1519 585 1574 venantibus
596 1519 649 1574 tela
658 1523 727 1574 sunt.
764 1519 908 1575 Adduntur
931 1587 932 1590 Ἴ

108 1613 123 1650 e
147 1595 257 1650 servitiis
275 1593 424 1666 gladiaturae
443 1594 683 1665 destinationibus
707 1614 781 1650 more
807 1597 908 1667 gentina
930 1597 932 1670 j

108 1671 256 1726 continuum
269 1671 330 1726 ferri
342 1671 471 1743 tegimen:
492 1674 669 1741 cruppellarios
680 1676 783 1737 vocant,
798 1673 908 1728 inferen-

86 1748 147 1802 adis
160 1747 253 1803 ictibus
265 1747 396 1814 inhabiles,
409 1747 561 1820 accipiendis
569 1747 784 1818 impenetrabiles.
822 1752 908 1820 Augo-
929 1735 931 1802 i

109 1824 201 1880 bantur
213 1843 249 1880 eae
261 1824 340 1894 copia
352 1824 491 1879 vicinarum
505 1823 638 1880 civitatum
650 1827 680 1878 nt
692 1823 809 1880 nondum
821 1833 908 1897 aperta

108 1901 279 1966 consensione,
297 1902 335 1955 ita
351 1901 447 1956 viritim
464 1901 588 1972 promptis
605 1899 707 1968 studiis,
724 1905 750 1956 et
767 1904 907 1958 certamino

108 1976 202 2032 ducum
220 1978 411 2044 Romanorum
430 1996 494 2048 quos
511 1977 578 2032 inter
594 1976 782 2048 ambigebatur,
799 1983 908 2049 utroque

108 2051 200 2108 bollum
221 2054 270 2109 sibi
287 2057 416 2125 poscente.
453 2053 519 2108 Mox
536 2053 627 2118 Varro
647 2052 776 2108 invalidus
798 2061 907 2122 senecta,

63 2130 206 2200 44vigenti
218 2130 280 2184 Silio
292 2129 426 2185 concessit.
463 2131 500 2184 At
520 2130 609 2184 Roma
621 2147 674 2184 nou
688 2129 817 2186 'l'reveros
834 2131 906 2186 modo

108 2208 135 2259 et
147 2205 254 2271 AEduos,
263 2205 308 2262 sed
321 2211 443 2277 quattuor
455 2210 481 2262 et
494 2207 629 2278 sexaginta
638 2205 779 2260 Galliarum
791 2208 906 2263 oiritstn

109 2283 251 2346 descivisse,
272 2287 416 2354 assumptos
435 2285 464 2338 in
482 2283 631 2340 societatem
648 2283 800 2350 Germanos,
819 2284 904 2340 dub'us

110 2358 255 2424 Hispanias,
280 2363 380 2422 cuncta,
404 2362 434 2412 ut
458 2377 513 2413 mos
537 2360 619 2426 fama,
644 2359 672 2414 in
694 2359 780 2430 mnjus
804 2361 902 2416 medita

87 2430 228 2494 20ptimus
238 2430 345 2498 quisque
358 2433 395 2486 rei
406 2433 514 2502 publica
526 2452 587 2488 cura
598 2435 735 2492 maerebat:
753 2437 839 2505 multi,
851 2437 903 2492 odis

108 2501 270 2564 praesentium
284 2507 311 2555 et
327 2506 446 2574 cupidine
466 2511 625 2575 mutationis,
649 2512 702 2566 suis
722 2529 828 2583 quoque
845 2513 902 2584 peri·

108 2569 171 2618 culis
194 2570 363 2638 latabantur;
386 2578 603 2653 increpabantque
625 2586 765 2651 liberium,
793 2589 904 2658 quoda

108 2639 180 2688 tanto
195 2657 280 2694 rerum
296 2651 369 2700 motu
387 2650 478 2708 libellis
495 2663 675 2715 accusatorum
691 2661 837 2720 insumeret
854 2681 903 2734 οι»
