1936 2968
179 153 228 202 ³³6
516 151 638 200 raom

821 214 944 264 [auos
960 236 961 239 =

178 265 277 318 mntem
288 263 412 318 sevitiam
428 262 538 317 melioris
555 263 615 319 olim
627 263 736 318 fortuna
748 263 931 320 reeordatioue
946 288 948 307 ε

153 337 302 395 alevabant.
337 338 408 394 Huio
425 339 535 409 primum
554 340 702 409 nuptiarum
722 337 777 393 dies
797 339 863 396 loeo
885 340 960 396 fun'u

177 415 234 480 fuit,
254 415 370 470 dodum
387 415 416 470 in
433 415 535 470 domum
552 415 580 471 in
597 433 648 487 qua
664 415 728 471 nihil
751 416 804 471 nisi
830 417 943 474 motum
955 444 964 463 o

176 489 289 556 haberet,
308 495 397 561 erepto
415 509 461 562 per
478 509 602 546 venenum
620 496 693 563 patre
710 496 738 546 et
761 493 859 548 statim
884 496 955 549 fratre

176 573 233 622 tum
256 567 348 622 aneilla
370 567 473 622 domina
494 568 608 632 validior,
633 572 660 623 et
683 568 796 639 Poppaea
821 571 925 626 nonnisi
960 596 963 615 ·

177 643 313 714 perniciem
330 645 418 699 uxoris
435 648 524 715 nupta,
543 649 670 715 postremo
689 645 785 699 crimen
804 648 882 702 omui
901 646 963 702 exili

131 720 286 792 &gravius
321 722 360 774 Ao
374 719 459 791 puella
475 720 594 775 vioesimo
609 720 694 775 atatis
710 737 784 785 anuo,
803 722 878 777 inber
893 727 967 778 oeutu·

176 795 260 851 nones
272 799 299 852 et
310 796 411 861 milites,
430 796 554 867 presagio
569 796 694 851 malorum
705 797 758 867 jam
774 797 835 852 vita
850 803 965 868 exempta,

153 871 289 930 anondum
313 876 399 928 tamen
421 877 505 927 morto
528 871 712 943 aequiesoebut.
757 873 857 928 Paucis
889 874 965 929 debias

176 947 317 1019 interjectis
330 947 418 1003 diebus
434 948 500 1002 mori
515 948 628 1019 jubetur,
643 966 702 1003 oum
715 947 767 1019 jam
779 948 891 1005 viduam
906 953 965 1005 seat

176 1026 278 1078 tantum
296 1041 408 1079 sororem
425 1027 572 1089 testaretur,
592 1042 790 1095 communesque
810 1025 965 1080 Germaniooa

176 1104 203 1155 ot
227 1105 355 1170 postremo
378 1101 526 1172 Agrippinae
551 1118 645 1155 nomen
667 1101 754 1165 αἰετοῦ,
779 1120 835 1172 qua
855 1099 964 1158 inooluna'

176 1175 266 1230 infelix
278 1176 381 1248 quidem
391 1177 581 1233 matrimonium
595 1176 641 1232 sed
656 1177 713 1231 sine
723 1176 804 1232 exitio
817 1179 962 1249 pertulisset

153 1251 353 1324 aRastrmgitur
375 1251 474 1317 vinulis,
498 1271 620 1323 venaeque
640 1251 696 1323 ejus
716 1270 762 1323 pst
787 1271 881 1310 omues
903 1257 967 1307 sitm

176 1327 358 1394 exsolvuntur;
377 1333 404 1383 et
428 1329 488 1398 quia
510 1346 613 1398 pressus
633 1345 727 1398 pavore
746 1329 855 1400 sanguis
877 1328 963 1384 tardius

152 1402 315 1469 illabebatur,
328 1403 472 1475 praefervidi
482 1403 566 1460 balnei
578 1421 671 1475 vapore
683 1408 813 1459 motam
851 1405 962 1460 Additur-

177 1497 226 1550 qne
240 1479 349 1535 atrocior
364 1480 468 1547 soritis,
484 1480 554 1550 quod
569 1483 646 1550 eaput
662 1483 824 1551 amputatum
840 1481 967 1550 latumqw

152 1555 203 1618 sin
226 1555 315 1611 urbem
337 1556 447 1627 Poppoea
469 1556 541 1612 vidit.
577 1557 653 1611 Dona
672 1556 706 1612 ob
724 1557 780 1612 haeo
803 1558 906 1629 templis
926 1555 966 1612 ds·

176 1635 253 1686 oreta
290 1631 499 1702 Quodad†eum
507 1632 583 1686 finem
592 1632 795 1697 memoravimus,
803 1632 859 1703 †ut
869 1633 966 1704 quium-p

177 1724 226 1778 que
238 1725 311 1762 ossus
326 1712 470 1778 temporum
487 1706 588 1762 illorum
603 1707 677 1762 nobis
693 1707 735 1763 vel
750 1707 805 1762 aliis
821 1707 965 1774 auotorian

176 1789 289 1848 nossent,
303 1786 486 1854 presumptum
496 1782 615 1848 babeant,
627 1783 745 1854 quotiens
762 1783 839 1855 fugas
851 1790 881 1840 et
896 1808 944 1831 w»

174 1859 252 1929 jussit
264 1859 388 1930 prinoops,
401 1861 496 1914 totiens
508 1863 594 1931 pates
606 1859 661 1914 deis
674 1864 751 1924 actas,
764 1878 876 1930 quaeque
887 1853 959 1914 παῦ’

176 1937 345 1992 secundarum
368 1937 435 2002 olim,
454 1941 511 1992 tum
527 1937 634 2008 publioae
658 1937 737 1993 eladis
754 1937 869 2008 insignia
901 1962 925 1983 1:
958 1971 960 1974 -

152 2011 268 2083 6Neque
291 2018 378 2068 tamen
401 2013 537 2080 silebimus,
560 2014 583 2068 si
606 2012 676 2083 quod
696 2017 799 2068 senatus
824 2008 936 2069 uorsus-2

176 2087 320 2144 adulatione
331 2107 425 2144 novum
437 2093 482 2143 aut
494 2089 617 2160 patientia
628 2094 785 2159 postremum
795 2088 859 2145 fuit.

130 2170 166 2226 65
210 2163 308 2219 Eodem
325 2182 391 2220 anno
408 2163 557 2219 libertorum
574 2164 720 2234 potissimos
743 2182 844 2219 variano

176 2238 240 2294 oisse
253 2239 364 2295 creditus
381 2244 427 2306 est,
445 2240 624 2310 Doryphorum
640 2240 715 2310 quasi
729 2239 892 2294 adversatum
908 2262 936 2295 1¹¹¹,

176 2313 219 2367 tiis
242 2314 366 2385 Poppaeae,
391 2315 540 2380 Pallantem,
565 2315 634 2386 quod
661 2315 809 2370 immensam
861 2342 863 2345 ·
914 2313 931 2343 '¹

150 2386 250 2454 elonga
273 2394 376 2442 senecta
399 2389 533 2444 detineret.
568 2391 701 2446 Romanus
724 2392 831 2446 seeretis
883 2387 917 2435 Ἠ

173 2459 285 2512 tionibus
303 2461 464 2518 incusaverat
485 2465 606 2520 Seueoam
630 2470 661 2521 ut
685 2467 714 2521 G.
727 2466 830 2521 Pisonis

172 2531 217 2583 sed
237 2533 344 2586 validius
365 2554 382 2588 a
402 2538 498 2592 Seneca
521 2541 611 2596 eodem
635 2542 740 2597 erimine
763 2542 892 2612 perculsus
916 2564 921 2583 ··

172 2601 247 2656 Unde
270 2605 358 2660 Pisoni
378 2610 463 2675 timor,
489 2619 516 2668 et
536 2621 594 2669 orta
613 2616 763 2672 insidiarum
785 2618 814 2671 in
837 2616 874 2671 N>
895 2640 925 2661 ιι-

170 2689 261 2740 magna
272 2678 358 2744 moles,
370 2682 416 2735 sed
428 2684 592 2756 improspera
