1936 2968
22 159 129 238 Μ]
200 107 395 180 iussurum
411 128 482 178 xrv.
501 129 604 178 ss-ee.
694 185 699 192 ,
751 128 796 176 err

22 236 105 293 istut.
138 241 172 296 Aa
193 241 373 296 Britannorum
400 240 479 312 eopia)
501 238 596 312 passim
619 253 666 310 per
685 239 821 292 osterum

22 313 51 366 ῖά
66 317 152 371 turmas
170 318 324 381 exultabant,
346 320 443 388 quanta
459 333 511 371 non
528 315 590 370 nlius
607 312 754 378 multitudo,
772 317 799 367 et

31 388 96 445 mimo
115 392 173 449 adeo
192 394 253 460 fero,
272 399 303 449 nt
324 394 447 466 conjuges
467 411 568 464 quoque
588 394 669 446 testes
687 388 800 446 victorius

31 471 239 527 mutauerant
259 471 432 542 plaustrisque
452 469 619 540 imponerent,
641 485 697 539 qum
721 483 798 536 super

32 544 151 600 euenum
166 547 286 602 ambitum
303 548 387 618 oumpi
402 549 547 617 posuerant.
583 543 713 600 Bonffleea
724 543 844 598 corrues

32 613 82 672 flius
100 639 146 691 pre
160 642 186 678 se
197 625 298 688 vehens,
315 627 346 678 nt
361 641 486 694 quamque
503 622 633 678 nationem
651 623 799 684 aeoesserat,

33 693 116 751 solitum
127 699 221 770 quidem
233 699 366 755 Britannis
382 699 532 754 feminarum
550 697 630 753 dnotn
647 696 740 753 bellare
751 699 801 751 tes·

32 769 129 828 otuu:
146 776 189 831 sed
203 780 267 831 tune
285 793 337 830 non
348 780 379 830 nt
395 775 475 830 tentis
493 773 631 845 majoribus
647 779 730 829 ortam
745 790 802 843 reg-

32 859 81 900 num
90 853 113 903 et
123 868 187 922 opes,
199 871 288 907 verum
303 854 334 906 ut
351 869 429 906 unam
444 869 459 906 e
475 851 552 922 vulgo
568 850 712 906 libertatem
728 849 802 904 emis-

30 926 221 986 summouentem
229 927 377 983 verberibus
390 945 489 998 eorpus,
500 931 683 983 contestatam
694 926 801 980 filiarum

33 997 259 1066 pudioitiamuleisui.
296 1003 480 1074 Euproveotus
490 1004 663 1059 Romanorum
671 1001 824 1074 cupidinest

31 1073 113 1160 Ψηοη
123 1095 229 1151 eorpora,
245 1097 278 1134 ne
296 1083 424 1134 senectam
440 1079 542 1150 quidem
559 1082 604 1134 aut
621 1078 800 1149 virginitatem,

30 1151 166 1220 nminem
181 1157 333 1228 relinquunt.
369 1156 468 1212 Adesse
482 1161 570 1212 tamen
587 1157 647 1212 deos
659 1159 738 1226 juste
749 1155 823 1210 vin-3

31 1221 103 1284 dieta:
125 1233 241 1288 eeoidisse
258 1233 384 1303 legionem
402 1250 459 1302 qum
475 1231 590 1303 prmlium
608 1249 670 1286 ausa
687 1231 736 1298 sit;
761 1248 802 1285 ce-

30 1303 86 1358 teros
104 1309 188 1364 eustris
208 1308 332 1364 ooeuitari
353 1311 398 1362 aut
417 1309 504 1380 fugam
524 1307 722 1377 eiroumspieere.
759 1307 824 1362 Nee

31 1380 146 1451 strepitum
173 1385 275 1456 quidem
299 1388 325 1440 et
350 1383 485 1438 elamorem
507 1388 548 1439 tot
571 1383 684 1448 millium,
708 1383 803 1438 nedum

29 1449 270 1525 murmuremus
294 1459 444 1530 perlaturos.
481 1459 509 1514 ai
532 1459 617 1531 eopias
641 1462 824 1522 armatorum&

29 1529 135 1590 limusas
149 1536 208 1592 belli
225 1555 312 1592 seeum
328 1535 507 1608 expenderent,
525 1535 677 1592 vincendum
691 1535 735 1590 illa
750 1535 803 1589 aeis

28 1605 61 1660 vel
80 1609 213 1668 sedendum
231 1631 295 1668 esse.
331 1612 364 1668 Id
381 1612 482 1668 mulieri
499 1611 670 1668 destinatum:
687 1611 803 1667 viverent

27 1681 67 1738 riri
81 1690 107 1742 et
124 1689 251 1744 seruirent.
286 1688 330 1744 Ne
348 1689 485 1744 Suetonius
503 1688 605 1759 quidem
622 1688 650 1742 in
664 1691 737 1742 tanto
754 1686 802 1742 d'ns·
811 1685 848 1740 36

27 1759 118 1817 mnne
134 1763 230 1820 silebat.
267 1764 422 1836 Quanquam
440 1764 578 1820 oonfideret
601 1763 699 1830 virtuti,
719 1772 804 1818 tamen

26 1835 198 1896 exhortationes
216 1845 242 1896 et
259 1859 346 1912 preces
367 1841 496 1906 minuebat,
515 1851 546 1896 ut
566 1843 714 1911 spernerent
731 1856 805 1894 sono·

25 1925 59 1966 ree
72 1913 231 1972 barbarorum
247 1921 274 1973 et
291 1917 378 1972 inanes
390 1918 479 1972 minas.
514 1916 577 1972 Plus
593 1915 644 1972 illio
655 1915 826 1970 feminarum

25 2003 90 2056 quam
101 1992 243 2062 juventutis
255 1993 350 2062 espiei:
370 1992 492 2057 imbelles,
505 1991 614 2046 inermes
627 2009 743 2046 cessuros
755 1996 805 2046 sta·
854 2043 859 2052 ,

23 2062 70 2133 tm,
85 2067 129 2123 ubi
150 2068 246 2124 ferrum
266 2069 440 2140 virtutemque
464 2068 621 2123 vincentium
637 2068 733 2122 totiens
754 2067 805 2123 fusi

23 2143 180 2210 movissent.
215 2145 303 2199 Etiam
323 2145 350 2198 in
370 2144 458 2199 multis
478 2143 621 2214 leffl‘enibus
641 2161 742 2213 psueos,
762 2145 828 2214 quie

22 2217 98 2284 prelia
108 2221 287 2292 pmfligurent3
306 2220 443 2291 glorioeque
456 2237 546 2274 eorum
562 2237 724 2274 secessurum
736 2220 806 2290 quod

23 2291 111 2350 nodie
125 2315 214 2352 manus
227 2297 339 2351 universi
350 2296 478 2352 exereitus
490 2296 584 2350 famam
596 2295 805 2366 adipiscerentur.

25 2363 128 2426 &otuu
150 2375 251 2428 tuntum
274 2376 301 2426 et
320 2371 378 2442 pilis
399 2371 507 2436 emissis,
528 2374 587 2442 post
607 2371 759 2427 umbonibus
781 2375 830 2426 ets

24 2441 103 2512 gladiis
119 2452 229 2518 stragem
247 2447 391 2518 eademqne
408 2448 595 2513 continuarent,
613 2449 706 2519 prede
722 2449 807 2502 imme-

26 2533 111 2576 mores:
135 2529 208 2594 pnrta
225 2523 332 2578 victorie
349 2526 442 2579 ennete
459 2523 522 2594 ipsis
541 2541 650 2578 sessura.
687 2524 716 2578 Is
734 2521 830 2576 ardore

26 2595 93 2650 verba
102 2596 171 2654 dneis
190 2599 352 2669 sequebatur,
362 2598 401 2654 ita
416 2616 443 2654 se
466 2598 499 2653 ad
513 2597 682 2669 intorquenda
697 2597 748 2666 pilu
763 2612 808 2648 ex-

27 2669 127 2739 petierat
144 2679 219 2730 vetus
239 2675 310 2731 mites
332 2678 358 2730 et
376 2673 459 2730 multa
479 2673 623 2745 praeliorum
644 2668 807 2742 experientia,

46 2756 182 2800 remmon-1.
396 2767 415 2805 γ
