1936 2968
145 193 193 242 m
482 183 603 235 racrrr

774 242 948 307 meum.

79 313 84 321 ·
144 299 293 371 toribnsque
311 297 440 370 precipua
460 297 567 352 materia
585 296 614 351 in
633 293 734 350 laudem
754 295 879 366 principis
901 313 951 348 as-

122 380 247 448 erumpo
269 380 318 432 est.
366 373 428 429 Non
451 374 519 428 enim
542 372 630 428 solitas
653 375 756 426 tuntum
779 371 870 442 fruges
894 387 946 425 nee

145 452 279 508 confusum
301 449 411 506 metallis
435 468 525 504 aurum
548 449 627 520 gigni,
651 447 697 502 sed
724 465 793 502 nova
821 447 947 502 ubertus

144 527 277 600 provenire
295 531 390 582 terram
405 530 432 580 et
448 525 535 580 obvias
552 542 612 596 opes
629 524 728 579 deferre
745 523 815 588 deos,
834 540 947 594 qumque

117 657 120 662 ,
146 603 195 659 alia
218 621 317 658 summa
339 601 460 657 facundia
482 619 529 656 nec
552 601 649 656 minore
672 599 820 655 adulatione
840 599 947 653 servilis

120 679 284 752 tingebant,
308 679 391 733 securi
415 677 447 732 de
475 676 598 732 facilitate
626 675 762 732 credentis.
811 675 948 730 Gliscebat

146 755 249 812 interim
269 755 370 810 luxuria
390 772 435 824 spe
455 753 533 818 inani,
555 752 821 822 consumebanturque
841 754 947 806 veteres

148 849 217 904 opes,
236 831 309 902 quasi
325 829 417 885 oblatis
436 847 499 900 quas
516 829 673 900 multosper
688 845 767 882 annos
783 826 948 898 prodigeret

125 906 221 968 souin
232 909 259 962 et
271 905 331 961 inde
341 905 394 978 jam
406 904 578 978 largiebatur3
597 909 625 960 et
637 904 785 959 divitiarum
797 903 950 974 expectatio

147 984 215 1039 inter
236 1000 325 1038 causas
347 981 506 1051 paupertatis
525 980 633 1052 publice
647 983 710 1036 erat.
737 980 819 1034 ·Nam
838 979 950 1047 Bassus,

147 1059 239 1114 effosso
260 1075 321 1129 agro
341 1075 388 1112 suo
407 1057 517 1128 latisque
532 1056 628 1112 cneum
649 1056 723 1120 arvis,
737 1055 802 1110 dum
819 1054 892 1111 hunc
907 1055 952 1111 rel

147 1134 220 1190 illum
239 1134 324 1190 locum
343 1132 462 1203 promissi
481 1151 571 1204 specus
593 1135 728 1200 asseverat,
749 1135 953 1204 sequunturque

147 1227 201 1266 non
223 1209 299 1266 modo
322 1209 417 1264 milites
440 1207 486 1263 sed
509 1208 618 1278 populus
641 1207 782 1279 agrestium
814 1209 953 1263 efficiendo

148 1287 220 1358 operi
243 1288 396 1356 assumptus,
421 1283 525 1338 tandem
548 1285 632 1354 posita
653 1283 779 1348 vecordia,
805 1302 862 1338 non
886 1284 956 1340 falsa

149 1367 225 1418 antea
236 1363 334 1418 somnia
345 1379 393 1416 sua
404 1379 481 1432 seque
493 1364 556 1415 tunc
567 1361 676 1431 primum
688 1359 789 1416 elusum
809 1360 954 1428 admirans,

148 1435 311 1511 pudorem'et
322 1440 420 1493 metum
434 1440 518 1511 morte
535 1435 678 1492 voluntaria
694 1437 795 1508 effirgit.
835 1437 955 1497 Quidam

149 1513 264 1573 vinctum
275 1534 305 1571 ao
316 1534 377 1571 mox
388 1514 521 1570 dimissum
532 1514 667 1582 tradidere,
683 1515 813 1586 ademptis
829 1515 909 1572 bonis
926 1516 954 1571 in

149 1593 234 1650 locum
245 1592 323 1664 regiae
334 1609 410 1663 gaze.

125 1671 145 1724 4
185 1671 289 1725 Interea
300 1672 412 1734 senatus,
425 1667 568 1740 propinquo
575 1670 631 1738 jam
642 1667 743 1723 lustrali
754 1668 912 1735 certamine,
924 1671 955 1723 nt

151 1745 260 1802 dedecus
281 1748 415 1810 averteret,
436 1745 511 1800 offert
532 1745 680 1815 imperatori
697 1744 836 1800 victoriam
851 1751 954 1810 cantus,

151 1821 287 1894 adjicitque
310 1820 435 1876 facundia
458 1838 583 1887 domnam,
603 1839 654 1892 qua
675 1820 775 1876 ludicra
801 1821 955 1878 deformitas

129 1899 285 1955 anelaretur.
323 1897 374 1952 Sed
385 1897 458 1951 Nero
476 1897 540 1952 nihil
556 1897 654 1954 ambitu
669 1915 717 1952 nec
731 1902 874 1968 potestate
889 1916 954 1954 sena

151 1978 195 2028 tu's
207 1992 272 2044 opus
284 1991 340 2035 esse
353 1971 481 2038 dictitans,
495 1991 522 2028 se
534 1991 635 2043 aequum
647 1973 786 2028 adversum
798 1976 920 2040 aemulos,
932 1977 956 2029 et

151 2051 276 2122 religione
284 2050 400 2121 judicum
411 2050 529 2105 meritam
543 2049 644 2106 laudem
660 2053 857 2118 assecuturum,
878 2054 956 2125 primo

152 2143 254 2182 carmen
264 2127 292 2180 iu
304 2143 381 2181 scena
390 2126 498 2192 recitat3
510 2143 578 2192 mox,
587 2127 719 2197 flagitante
731 2127 816 2198 vulgo
828 2135 865 2184 ut
878 2129 955 2185 omnia

128 2204 134 2222 ³
153 2202 239 2258 studia
256 2219 303 2259 sua
319 2201 470 2272 publicaret,
483 2201 548 2272 (hac
563 2202 631 2257 enim
644 2201 724 2257 verba
737 2201 858 2276 dixere)
879 2207 955 2276 ingre

152 2275 223 2332 ditur
244 2277 381 2341 theatrum,
402 2277 501 2332 cunctis
522 2277 626 2333 cithara
640 2277 742 2348 legibus
761 2278 953 2354 obtemperem.

151 2347 184 2432 ire
204 2353 288 2406 fessus
307 2350 438 2416 resideret,
454 2371 487 2406 ne
505 2352 624 2408 sudorem
638 2353 689 2408 nisi
703 2371 736 2408 ea
754 2372 842 2426 quam
860 2354 956 2414 indutui

131 2422 257 2494 &gerebat
280 2429 352 2478 veste
376 2425 529 2498 detergeret,
555 2432 586 2482 ut
609 2429 679 2483 nulla
701 2429 756 2484 oris
784 2437 836 2488 aut
862 2435 956 2490 nanum

128 2500 311 2581 aexorementa
322 2498 475 2556 viserentur.
511 2502 646 2559 Postremo
663 2505 748 2560 flexus
766 2525 857 2576 genu,
876 2515 904 2566 et
917 2525 955 2565 oo·

149 2572 206 2620 tum
218 2569 290 2622 illum
302 2588 379 2624 manu
390 2580 537 2640 veneratus,
549 2580 691 2634 sententias
700 2580 830 2652 judicum
848 2585 956 2659 opperire

125 2638 296 2694 absturfioto
307 2660 408 2710 pavore.
445 2649 482 2704 Et
493 2651 567 2720 plebs
579 2654 682 2724 quidem
698 2657 786 2724 urbis,
805 2660 958 2718 histrionum

37 2741 100 2758 Δ.
148 2725 249 2780 quoque
267 2719 357 2782 gestos
375 2717 468 2787 juvare
488 2726 572 2799 solita,
593 2731 750 2802 pmmnabat
774 2739 866 2796 certis
887 2731 959 2794 mcd's
