1862 2952
54 189 94 232 m.
104 190 174 244 m]
217 133 407 185 lunanum
423 135 468 186 Vl.
486 137 589 189 27-80.
754 137 798 188 lae

52 243 104 296 turis
114 249 199 300 struere
214 247 304 312 nidum,
319 247 393 318 eique
404 247 456 303 vim
468 247 604 320 genitalem
616 245 753 312 affmdere,
766 265 799 302 ex

51 331 84 384 qn
96 319 163 374 letum
181 323 250 390 oriri3
276 328 302 379 et
323 325 431 395 primam
451 324 539 378 adulto
556 341 643 378 curam
661 323 799 396 sepeliendi

48 412 71 449 a*
99 420 101 423 ·
126 414 197 468 neque
213 399 238 454 id
253 405 357 466 umere,
374 400 427 466 sed,
444 400 545 456 sublato
562 399 670 472 myrrhsr
688 399 799 472 pondere

51 473 162 555 htoque
179 478 339 550 perlongum
358 479 416 546 iter,
427 478 473 533 ubi
489 497 535 550 par
550 478 629 543 oneri,
642 495 687 550 par
703 478 798 534 meatui

49 548 281 623 ¹·,sati1·epatrium
304 571 398 625 corpus
419 555 496 625 inque
517 554 578 608 solis
598 571 666 608 aram
686 553 798 625 perferre

52 625 197 692 tqueadolere.
218 630 569 686 ›Haecincertaetiabulosis
581 633 667 684 aucta:
685 635 823 686 ceterumt

55 701 100 786 ilci
116 703 237 776 tiquaudo
260 707 287 761 in
309 707 424 778 AEgypto
448 725 502 762 earn
525 706 654 762 volucrem
673 724 724 762 non
747 724 799 762 am·

64 856 93 909 nt
106 857 185 916 Rome
201 862 269 917 cede
287 862 417 928 continua,
435 862 592 934 Pomponius
610 860 705 926 Labeo,
724 879 798 932 quem
809 865 846 920 29

36 931 142 1000 prefuisse
152 937 247 995 Moesiae
259 939 358 1005 rettuli,
371 957 417 1009 per
429 939 550 1009 abruptas
561 957 639 994 renas
651 937 798 1010 sanguinem

36 1005 116 1092 eludit
130 1015 291 1087 amulataque
298 1019 339 1070 est
346 1016 458 1086 conjunx
465 1016 564 1071 Paxaea
595 1015 662 1070 Nam
670 1021 823 1086 promptas2

36 1087 134 1152 eJusmodi
144 1095 235 1147 mortes
250 1095 335 1146 metus
354 1091 477 1146 carnificis
494 1091 610 1155 faciebat,
623 1094 650 1146 et
662 1091 721 1162 quia
733 1090 799 1146 dam

35 1161 77 1216 nuti
92 1164 215 1234 publicatis
235 1169 310 1224 bonis
330 1168 463 1239 sepultura
485 1167 691 1240 prohibebantur,
713 1185 800 1224 eorum

35 1236 69 1304 qui
85 1239 111 1296 de
129 1261 154 1298 se
172 1245 321 1300 statuebant
339 1244 512 1300 humabantur
533 1261 646 1316 corpora,
666 1244 799 1300 manebant

34 1313 168 1385 maneta,
187 1323 298 1394 pretium
315 1320 461 1377 festinandi.
499 1320 549 1376 Sed
566 1320 652 1377 Caesar
669 1323 753 1376 missis
769 1321 825 1376 adr

33 1396 230 1454 committeris
243 1398 371 1463 disseruit,
384 1415 480 1452 morem
491 1398 570 1452 fuisse
582 1398 725 1469 majoribus,
739 1415 801 1469 quo-

32 1465 85 1523 tiens
105 1471 248 1530 dirimerent
271 1474 403 1538 amicitias,
428 1473 578 1530 interdicere
601 1473 675 1530 domo
694 1493 802 1546 eumque

31 1539 91 1598 finem
101 1550 298 1624 gratiaeponere:
318 1550 345 1605 id
353 1569 382 1605 se
389 1551 537 1622 repetivisse
546 1551 573 1605 in
584 1550 712 1616 Labeone,
725 1557 802 1622 atque

31 1616 94 1690 llum,
114 1627 171 1696 quia
192 1627 260 1683 male
284 1627 465 1682 administrata
488 1627 624 1699 provincie
647 1627 803 1698 aliorumque

30 1695 142 1756 ominum
159 1703 307 1777 urgebatur,
325 1704 425 1776 culpam
439 1703 534 1759 iividia
550 1703 683 1770 remviase3
708 1705 804 1759 trustra

28 1777 148 1834 wntenita
164 1799 254 1848 uxore,
269 1799 352 1851 quem,
371 1781 421 1835 etsi
439 1785 580 1845 nocentem,
596 1781 701 1852 periculi
718 1785 803 1836 tamen

26 1857 140 1918 umnam
151 1857 240 1912 inisse.
276 1857 421 1912 Mamercus
434 1856 492 1912 dein
504 1858 614 1912 Scaurus
630 1875 731 1912 rursum
747 1870 828 1929 pos-4

24 1925 116 1996 tulatm,
136 1932 245 2006 insignis
265 1933 397 1988 nobilitate
414 1937 440 1988 et
459 1933 559 1988 orandis
577 1933 733 1998 nausiante
748 1953 804 2006 pro-

23 1997 109 2062 brosus.
145 2010 220 2064 Nihil
231 2010 298 2066 hunc
316 2009 427 2064 amicitia
444 2007 538 2080 Sejani,
552 2007 597 2063 sed
608 2009 725 2066 labefecit
737 2011 828 2068 haudo

21 2079 96 2137 minus
112 2086 225 2141 validum
244 2085 276 2140 ad
293 2086 371 2140 exitia
386 2085 516 2141 Macronis
534 2085 627 2151 odium,
645 2087 688 2157 qui
705 2087 805 2144 medem

21 2159 82 2212 tries
104 2163 231 2218 occultius
254 2162 399 2229 exercebet;
427 2163 605 2234 detuleratque
626 2169 804 2235 argumentum

20 2234 142 2306 ingualia
159 2258 175 2294 a
191 2240 286 2294 Qum
302 2239 410 2310 scriptae,
424 2238 516 2294 additis
533 2239 647 2294 versibus
663 2241 706 2311 qui
722 2241 749 2296 in
765 2241 806 2297 'Pi-

19 2305 111 2367 berium
129 2316 301 2371 flectmentur.
337 2316 435 2370 Verum
459 2314 491 2369 ab
512 2315 618 2369 Servilio
638 2319 665 2370 et
689 2316 830 2376 Cornelioe

21 2391 204 2446 mmunbus
216 2390 366 2446 adulterium
374 2391 462 2455 Liviae,
472 2409 604 2461 magorum
616 2392 807 2464 saoraobjecta-

20 2457 116 2520 lmus.
154 2468 271 2532 Scaurus,
280 2471 310 2521 ut
323 2467 428 2539 dignum
440 2466 568 2521 veteribus
580 2467 698 2532 AEmiliis,
707 2467 806 2522 damm-
817 2475 846 2529 7·

20 2537 111 2596 tionem
124 2544 212 2609 anteit,
220 2544 338 2599 hortante
351 2543 438 2598 Sextia
448 2560 536 2605 uxore,
549 2561 604 2612 qnae
616 2542 806 2596 incitamentum

22 2617 105 2672 mortis
126 2624 155 2675 et
178 2621 304 2692 particeps
323 2620 381 2675 fuit.
426 2621 465 2672 Ac
489 2621 575 2670 tamen
596 2620 763 2672 accusatores,
786 2617 858 2667 sito

19 2688 124 2749 faculas
149 2697 279 2764 incideret,
304 2697 386 2769 poenis
410 2692 599 2748 afficiebantur:
634 2689 665 2736 nt
688 2681 808 2733 Servilius

8 2887 123 2925 l-dq..
886 2808 904 2854 d
