1866 2944
22 173 180 222 mmm
250 111 444 161 annuarum
462 113 497 161 11.
511 115 613 162 sa-u.
788 113 820 159 ee

22 225 134 286 trahere,
143 223 205 276 vinc
214 221 323 276 militnm
332 239 433 276 servum
442 241 516 277 suurn
529 223 667 284 euinceret,
676 237 709 274 an
720 219 820 274 inanem

21 298 204 354 eredulitatem
229 301 342 366 tempore
366 299 422 368 ipsc
446 315 581 353 vanescere
602 297 703 352 mere.
740 296 845 353 Mcdc2

20 375 85 428 nihil
97 371 279 443 spernendum,
289 372 365 426 modo
376 391 428 428 non
439 375 523 428 omnia
534 371 677 436 metuenda
687 371 820 442 ambiguus

20 450 129 521 pudone
148 465 180 502 ac
197 452 282 502 metus
298 449 440 518 reputabat.
476 450 610 504 Postremo
628 448 673 502 dat
689 449 846 520 negotiana

20 525 148 582 Sallustio
172 524 270 592 Crispo.
308 525 355 580 llle
376 525 542 580 eclientibns
561 525 626 579 dnos
645 524 759 594 (quidam
776 525 821 578 mi·

18 602 79 660 lites
102 601 187 670 fuisse
207 599 333 668 tradunt)
350 599 446 671 deligit,
465 605 542 671 atque
559 601 685 665 bortatur,
705 600 822 654 simulata

18 675 183 732 concientia
195 673 293 739 adeant,
307 676 414 730 offerant
425 677 565 746 pecuniam,
578 674 653 729 fldem
666 679 742 746 etque
757 675 821 746 peri-

17 751 78 807 cula
90 751 270 820 polliceantur.
307 751 491 820 Exsequuntur
502 755 532 805 nt
541 751 641 821 jussum
654 755 716 806 erat.
753 750 846 808 Deire

16 826 153 898 speculati
174 829 274 878 noctem
294 825 483 888 incustoditam,
502 829 606 894 accepta
625 826 716 878 idonea
735 842 820 888 manu,

16 905 149 965 vinctum,
161 901 247 955 clausu
259 917 310 965 cre,
319 900 347 954 in
358 899 485 954 Palatium
496 904 604 955 traxere.
640 901 846 956 Percunctantit

15 975 130 1034 Tiberio
142 974 270 1043 quomodo
282 975 397 1044 agrippa
407 975 492 1030 factus
508 981 584 1041 esset,
596 977 757 1046 respondisse
773 977 821 1032 ler-

15 1059 73 1118 tnr,
97 1050 263 1108 “Quomodo
279 1054 311 1104 tn
328 1051 439 1106 0aesar.‘’
474 1052 514 1106 Ut
527 1052 614 1107 ederet
632 1053 721 1118 socios,
737 1053 821 1124 subigi

14 1147 74 1186 non
86 1125 186 1198 potuit.
222 1126 279 1180 Nec
291 1123 407 1180 Tiberius
419 1145 519 1197 paenam
530 1127 585 1198 ejus
597 1127 680 1198 palam
696 1147 781 1194 ansus,
795 1129 845 1189 ine

14 1207 127 1264 secreta
147 1201 242 1256 Palatii
261 1205 334 1272 parte
356 1202 466 1258 interfici
483 1203 569 1273 jussit,
591 1221 733 1274 corpusque
757 1204 821 1258 clun

13 1279 139 1338 auferri:
160 1281 195 1342 et,
208 1295 360 1348 quamquam
371 1279 446 1332 multi
457 1297 472 1332 e
485 1279 559 1334 domo
576 1280 697 1350 principis
713 1281 821 1350 equites·

13 1375 72 1428 que
94 1372 126 1410 ac
148 1357 278 1408 senatores
300 1357 457 1410 emtentssne
478 1355 576 1425 opibus,
593 1355 690 1426 juvisse
711 1355 821 1412 consiliis

12 1435 185 1496 dicerentur,
198 1430 267 1486 haud
279 1432 422 1502 quesitum.

53 1509 127 1563 Fine
149 1507 212 1560 anni
229 1524 303 1562 arcus
323 1510 429 1578 propter
448 1507 528 1563 ecdem
547 1507 652 1564 Saturni
672 1508 704 1564 ob
719 1507 866 1579 receptall

12 1587 102 1657 signa
113 1600 175 1637 cum
187 1581 256 1636 Varo
273 1583 365 1637 amissa
382 1581 462 1638 ductu
480 1583 630 1653 Germanici,
646 1585 764 1656 auspiciis
781 1586 821 1639 Ti-

11 1661 99 1724 bcrii,
112 1661 141 1713 et
160 1657 226 1712 edes
242 1658 327 1714 Fortis
344 1658 464 1714 Fortunae
478 1659 591 1715 Tiberim
603 1661 679 1732 juxta
694 1661 722 1715 in
739 1662 821 1716 bortis

10 1754 91 1809 quos
110 1735 199 1788 Gaesar
217 1733 327 1788 dictator
342 1734 436 1805 populo
452 1735 569 1791 Romano
585 1737 721 1808 legaverat,
741 1755 822 1793 sacra-

10 1815 94 1869 rium
105 1810 181 1881 genti
192 1810 268 1865 June
280 1811 425 1882 effigiesque
437 1811 495 1868 divo
507 1814 626 1882 Angusto
634 1813 701 1884 apud
710 1813 821 1870 Bovillas

10 1889 156 1945 dicantur.

55 1964 92 2018 Ο.
107 1961 219 2027 Caecilio,
238 1961 270 2016 L.
284 1962 424 2033 Pomponio
445 1980 496 2019 ces.
510 1963 675 2019 Germanicus
694 1964 779 2020 Caesar
798 1975 845 2020 aa

7 2042 40 2100 d.
52 2039 127 2096 VH.
143 2038 202 2092 Kal
215 2037 305 2093 Junias
323 2040 489 2110 triumphavit
507 2040 539 2094 de
557 2040 692 2096 Cheruscis
711 2043 822 2097 Chattis·

7 2135 72 2190 que
99 2118 129 2170 et
151 2115 316 2185 Angrivariis,
341 2133 447 2186 quaeque
468 2115 523 2170 alie
546 2117 662 2171 nationes
686 2135 767 2188 usqne
790 2117 823 2172 ed

7 2192 113 2253 Albim
136 2191 231 2246 colunt.
271 2191 355 2246 Vecta
374 2192 461 2262 spolia,
483 2191 584 2263 captivi,
603 2192 737 2248 simulacra
753 2203 845 2248 mon-3

7 2270 98 2332 tium,
112 2267 256 2332 fluminum,
270 2267 413 2338 proeliorum
426 2289 433 2333 ;
451 2267 603 2339 bellumque,
624 2269 684 2339 quia
699 2270 822 2324 conficere

6 2343 173 2418 prohibitus
197 2346 258 2408 erat,
283 2361 329 2414 pro
353 2343 469 2399 coniecto
490 2345 667 2414 accipiebatur.
703 2344 846 2416 Augebat4

6 2426 187 2484 intuentium
198 2427 268 2480 visus
280 2427 371 2482 eximia
383 2427 463 2498 ipsius
475 2428 579 2497 species,
593 2446 733 2498 currusque
751 2428 823 2497 quin·

6 2522 70 2576 qne
90 2502 184 2556 liberis
201 2505 316 2556 onustus.
353 2503 405 2558 Sed
421 2503 525 2557 suberat
542 2505 643 2558 occulta
659 2503 767 2556 fcrrnido
786 2509 846 2553 res

7 2577 180 2652 putantibus
193 2577 262 2632 hand
271 2596 422 2649 prosperum
433 2578 460 2631 in
473 2579 640 2646 Drusopetre
649 2579 703 2642 ejus
711 2576 824 2650 favorem

6 2656 102 2726 wlfilo
118 2654 275 2710 avunculum
287 2653 402 2725 ejusdcm
410 2651 564 2708 Marcellum
570 2646 736 2716 flagrantibus
745 2640 824 2706 plebm
