1866 2944
169 84 364 133 ANNALIUM
383 86 426 133 1v.
447 86 547 133 rc-ls.
715 85 759 134 m

29 518 46 539 ³
75 521 100 561 ¹¹
117 501 143 552 ct
161 499 222 569 quia
239 499 322 568 prima
339 506 515 570 provenerant,
536 498 653 555 volutare
673 516 760 554 secum

10 595 74 665 pcc
92 573 172 660 'modu
190 575 334 662 Germanici
352 575 445 630 liberos
466 577 630 664 perverteret,
652 592 760 663 quorum

12 1027 67 1105 9⁸¹,
83 1029 182 1085 inhiare
201 1030 366 1086 dominationi
349 955 514 1102 apud·
468 1031 595 1086 Caesarem
611 1036 757 1102 arguerent,

8 1128 11 1137 ⁴
32 1128 50 1151 ιΔ
66 1105 119 1161 hac
131 1105 229 1162 callidis
241 1107 452 1173 criminatoribus,
464 1107 542 1178 (inter
555 1124 618 1178 quos
630 1106 786 1180 deleges-ate·

7 1179 35 1255 'fr
47 1206 59 1229 ιι
75 1183 236 1248 Postumum,
246 1201 292 1254 per
303 1183 456 1240 adulterium
464 1183 679 1240 MutiliaPriscae
691 1185 758 1240 inter

10 1277 69 1312 ¹⁴nos
85 1259 155 1324 avim,
175 1263 203 1314 et
219 1259 331 1314 consiliis
348 1260 402 1316 suis
414 1259 585 1331 peridoneum,
598 1259 659 1332 quia
669 1260 758 1316 Prisca

17 1372 18 1377 =
31 1354 87 1390 ιιιο
99 1337 227 1408 Augusta
238 1336 341 1406 valida)
354 1355 438 1402 anum,
452 1342 542 1407 suapte
559 1341 652 1392 natura
668 1341 758 1408 poten·

6 1424 12 1457 1
31 1416 137 1479 anxiam,
158 1415 329 1470 insociabilem
350 1417 426 1470 nurui
444 1414 575 1470 efficiebat.
610 1415 780 1487 Agrippinam

7 1502 67 1577 ‘''ue
77 1491 189 1562 proximi
200 1491 371 1547 illiciebantur
381 1491 466 1562 pravis
478 1491 636 1548 sermonibus
645 1490 757 1548 tumidos
831 1545 834 1550 .

14 1678 19 1713 3
50 1642 166 1698 liberius
178 1644 242 1698 nibil
253 1644 399 1699 intermissa
409 1663 495 1700 rernm
507 1662 575 1710 cura
592 1645 697 1716 negotia
709 1661 756 1715 pro
765 1649 802 1704 18

13 1717 58 1787 π’·
74 1720 209 1791 accipiens,
216 1721 260 1791 jus
273 1721 373 1786 civium,
384 1739 471 1792 preces
484 1721 610 1776 sociorum
616 1720 743 1776 tractabat
747 1743 756 1788 ;
774 1763 777 1770 .
790 1753 796 1760 -

42 1814 84 1850 one
103 1801 209 1852 auctore
224 1814 255 1851 eo
272 1800 375 1852 senatus
391 1797 514 1862 consulta,
527 1800 558 1851 nt
570 1796 668 1852 civitati
680 1797 758 1869 Ciby·

64 1871 132 1942 apud
143 1872 239 1938 Asiam,
250 1872 367 1944 AEgiensi
379 1873 447 1944 apud
457 1873 588 1938 Achaiam,
598 1877 671 1928 motu
681 1877 757 1930 terra

38 1986 41 1993 ›
62 1949 104 2016 tis,
116 1949 296 2004 subveniretur
307 1949 454 2004 remissione
469 1948 561 2004 tributi
572 1948 599 2004 in
610 1948 755 2006 triennium

26 2023 105 2079 ibina
119 2025 230 2079 Serenus
242 2024 377 2096 proconsul
389 2025 516 2080 ulterioris
529 2025 669 2096 Hispania,
685 2025 716 2082 de
730 2027 779 2096 viz

10 2099 67 2156 'ea
85 2100 222 2155 damnatus
239 2101 271 2156 ob
290 2102 450 2158 atrocitatem
460 2104 628 2173 †temporum
641 2103 757 2169 (tentato-

23 2177 62 2246 l),
80 2177 109 2232 in
125 2177 236 2233 insariam
259 2179 401 2250 Amorgum
424 2178 581 2248 deportatur.
626 2177 779 2248 Carsidiusa

10 2278 33 2329 ‚a
47 2271 96 2318 ·os,
110 2273 170 2308 reus
182 2257 304 2324 tanquam
320 2255 448 2310 frumento
460 2253 560 2310 bostem
572 2254 758 2312 Tacfarinatem

11 2360 13 2369 κ
38 2353 56 2360 ··
73 2371 81 2394 ,
98 2330 247 2394 absolvitur,
267 2329 431 2402 ejusdemque
447 2331 558 2387 criminis
575 2331 604 2386 C.
617 2331 756 2388 Gracchus.

5 2406 177 2492 necomitam
189 2405 272 2460 exsilii
284 2406 417 2462 admodum
426 2408 549 2462 infantem
558 2409 631 2478 pater
643 2408 781 2537 Sempro4
873 2420 875 2423 ’

40 2480 193 2536 ininsulam
213 2481 345 2537 Cercinam
360 2483 463 2538 tulerat.
500 2483 557 2540 Illic
573 2483 644 2538 adult
632 2487 675 2538 tus
691 2483 729 2537 int
730 2502 759 2556 ις

93 2557 273 2613 etlibaralinm
285 2560 378 2614 artium
389 2560 496 2624 nescios,
509 2576 570 2612 mox
585 2576 630 2627 per
646 2557 760 2608 Africam

5 2628 129 2716 pSiciliam
150 2633 274 2689 mutando
295 2633 409 2691 sordidas
433 2651 530 2688 merces
554 2629 760 2685 sustentabatur,
