1866 2944
168 152 200 197 82
505 149 624 198 ruem

797 210 827 257 [r.
837 207 858 245 u.
865 200 912 244 cm

145 257 223 330 tejus
240 257 308 312 uliud
321 257 481 323 conduceret,
496 260 624 315 abiturum
636 259 685 314 fide
698 277 748 330 qna
758 260 862 313 venisset.
886 252 913 306 lb·

168 339 252 390 terum
268 334 336 404 apud
353 339 471 390 senatum
487 335 608 390 disseruit
625 354 678 390 nou
695 337 833 405 Philippum
846 330 915 386 lum

169 411 279 476 ensibus,
301 428 353 464 uon
364 411 491 482 Pyrrhmu
503 415 548 466 aut
564 412 719 466 Antiochum
735 411 823 482 populo
838 408 917 488 uuum

145 487 272 558 sperinde
288 485 438 540 metuendos
456 487 543 542 fuisse.
580 487 675 542 Exstat
696 488 778 542 oratio
798 502 841 556 qua
855 493 917 549 ungu*

168 563 284 618 tudinem
302 563 358 627 viri,
379 563 527 619 uiolentiam
550 563 723 635 subjecturum
746 563 771 618 ei
792 555 918 632 gentiumll

169 657 246 710 quam
265 638 422 709 propinqum
442 638 526 694 Italiac
546 639 636 705 hostis,
655 657 753 710 suaque
766 640 793 697 iu
807 627 919 692 destruendi

146 725 199 770 teo
216 715 320 770 consilis
335 715 435 768 extulit.
472 715 507 770 llt
525 715 703 771 Maroboduus
720 715 818 786 quidem
829 713 926 795 ΒΜ,

169 794 279 860 habitus,
307 795 330 848 si
353 795 453 864 quando
483 795 663 850 insolescerent
694 796 778 860 Suevi,
801 791 862 864 quasi
879 784 920 841 wll

169 875 244 925 turus
255 871 284 924 in
294 889 402 940 regnum
413 871 598 926 ostentabatur.
635 870 687 926 Sed
701 889 753 926 uon
765 868 862 925 excessit
870 859 926 946 inlu

169 965 215 1017 per
227 945 401 1016 duodeviginti
414 964 500 1012 annos,
514 948 698 1017 consenuitque
709 947 815 1002 multum
825 940 926 1006 imminuta

146 1023 285 1084 celeritate
309 1021 342 1077 ob
365 1023 469 1076 nimiam
489 1023 591 1077 vivendi
608 1023 761 1094 cupidinem.
796 1021 859 1075 Idem
871 1017 920 1069 (ΜΡ

170 1098 234 1153 aldae
262 1117 343 1163 casus,
369 1116 452 1168 neque
480 1098 549 1153 aliud
572 1099 727 1170 perfugium.
777 1097 861 1152 Pulsus
884 1099 920 1139 ιι*

169 1176 250 1229 multo
271 1177 330 1245 post
348 1174 589 1229 Hermundurorum
609 1175 700 1246 opibus
725 1179 752 1229 ct
774 1167 925 1227 Vibilio

169 1253 338 1321 receptusque
361 1251 457 1304 Forum
476 1250 581 1315 lulium,
600 1251 775 1305 Narbonensis
793 1247 871 1304 Gullioe
885 1262 924 1329 ’ᾖ

146 1327 244 1391 triam,
257 1326 377 1380 mittitur.
414 1326 521 1380 Barbam
532 1331 670 1397 utrumque
686 1326 800 1381 comitati
813 1341 840 1378 ne
856 1341 879 1392 q·
894 1342 908 1361 ’ν
923 1358 924 1361 =

169 1404 311 1474 provincias
332 1402 443 1456 immixti
465 1402 606 1468 turbarent,
629 1404 778 1458 Danubium
797 1401 865 1462 ultra,

169 1480 274 1534 flumina
285 1479 389 1532 Marum
407 1481 433 1532 ct
452 1477 558 1544 Cusum,
577 1479 701 1543 locantur,
716 1479 777 1533 dato
790 1495 845 1548 regu
856 1473 883 1527 ll
892 1492 900 1513 Η

124 1561 162 1615 64
170 1557 254 1626 gentis
279 1555 437 1614 Quadorum.
483 1555 565 1618 Simul
587 1556 706 1609 nuntiato
730 1573 815 1626 regem
842 1574 849 1600 ι
883 1568 902 1593 ³·

169 1631 296 1685 Armeniis
321 1649 336 1685 a
360 1630 510 1684 Germanico
534 1629 630 1694 dutum,
656 1629 791 1685 decrevere
818 1632 890 1698 patres

171 1713 335 1767 Germanicus
359 1714 436 1781 atque
460 1711 562 1765 Drusus
583 1715 688 1765 ovantes
708 1711 798 1766 urbem
819 1704 903 1763 iutro'

146 1788 269 1843 2Structi
288 1791 314 1842 ct
332 1805 406 1840 arcus
424 1786 519 1841 circum
539 1786 621 1841 latera
642 1787 732 1858 templi
753 1786 843 1841 Martis
860 1781 897 1835 ur

170 1883 228 1920 cum
241 1863 321 1934 effigie
334 1863 470 1927 (lasarum,
483 1862 580 1916 laetiore
595 1862 703 1928 Tiberio,
718 1864 779 1933 quia
796 1877 877 1932 pmem
889 1884 897 1899 <

171 1941 240 1994 entia
257 1940 408 2003 firmaverat,
422 1939 533 2008 quamsi
547 1938 641 1992 bellum
658 1957 704 2007 per
718 1939 785 1994 acies
804 1932 899 1993 coci-¹

170 2016 256 2087 Igitur
287 2015 472 2084 Rhescuporim
502 2032 610 2084 quoqne,
641 2015 757 2069 Thracica
784 2031 873 2084 regem,

146 2091 327 2162 daggreditur.
343 2091 472 2144 ·Omuem
484 2108 540 2144 eum
551 2091 682 2144 nationem
693 2089 878 2145 Rhoemetalcus
892 2116 893 2121 ¹

170 2171 242 2233 crat3
262 2185 312 2236 quo
329 2165 449 2220 defuncto
465 2167 601 2236 Augustus
618 2171 717 2236 purtem
735 2167 866 2222 rurscam
888 2167 892 2208 ἶ

146 2243 285 2312 ¹leuporidi
297 2241 373 2295 fratri
390 2242 453 2311 ejus,
466 2249 566 2310 purtem
579 2241 631 2295 filio
644 2241 720 2312 Cotyi
731 2243 856 2312 permisit.

170 2318 293 2372 divisione
314 2335 375 2370 arva
395 2320 421 2370 et
440 2316 516 2370 urbes
536 2320 563 2370 et
582 2317 666 2371 ricius
681 2318 776 2372 Grauis
792 2316 876 2387 Cotyi,
896 2340 898 2355 ¹

170 2392 302 2456 incultum,
315 2392 394 2454 leros,
408 2409 535 2446 annexum
543 2393 669 2457 hostibus,
681 2392 870 2464 Rhescuporidi
880 2418 895 2436 ιι

104 2507 106 2510 .
170 2465 333 2534 ipsorumque
351 2485 442 2536 regum
459 2467 569 2537 ingenia,
586 2468 624 2521 illi
640 2470 701 2524 mite
718 2473 745 2524 et
760 2487 892 2533 animuum,

148 2541 253 2603 ostrum,
266 2540 374 2604 aridum,
388 2545 414 2594 et
427 2543 556 2599 societatis
568 2543 703 2613 impatiens
722 2549 787 2600 erat.
826 2545 876 2600 Sed
891 2551 905 2587 ·'

170 2611 277 2664 subdola
288 2614 422 2668 concordia
433 2634 508 2685 egere
519 2641 524 2672 :
538 2636 598 2672 mox
609 2620 785 2690 Rhescuporis
798 2621 885 2692 egredi
898 2632 904 2635 ¹

171 2689 271 2739 vertere
293 2686 321 2740 in
344 2705 372 2741 se
396 2689 473 2760 Cotyi
496 2692 563 2759 data,
588 2698 616 2748 et
639 2697 771 2753 resistenti
793 2699 848 2754 vim
895 2728 898 2739 ·
