2022 3004
22 208 44 248 Δ·
55 208 81 248 D·
91 209 139 259 m
226 145 423 196 ANNALIUM
439 145 514 196 XIV.
530 147 634 196 60-63.
769 149 815 198 886

22 259 157 314 (lasarum
181 256 273 312 datura
289 258 343 314 siti
360 257 435 314 malle
452 257 574 329 populum
596 257 741 314 mamam
758 257 816 314 tibi·

21 336 82 390 cinis
95 335 220 406 Aigyptii
232 334 346 390 subolem
356 335 519 406 imperatorio
530 335 633 404 imtigio
644 333 745 390 induci!
765 335 840 390 Dee

20 412 105 482 nique,
119 412 146 467 si
157 411 185 466 id
196 411 271 466 rebus
283 411 416 477 conducat,
429 411 510 468 libens
522 429 597 483 quem
609 415 713 466 coactus
724 411 817 467 amirae

21 491 161 555 dominam,
181 489 223 544 vel
240 490 383 546 consuleret
401 490 532 546 securitati
547 489 619 561 justa
641 490 745 546 ultione.
782 490 841 552 uta

20 567 130 622 modieis
149 566 268 621 remediis
285 567 381 636 primes
401 571 486 622 motus
507 565 667 622 consedisse:
689 571 716 622 at
734 567 757 622 si
776 566 819 622 de-

22 648 129 714 sperent
148 659 255 698 urorem
272 643 383 699 Neronis
404 643 458 699 iore
476 643 616 708 Octerim
640 643 678 699 illi
700 643 820 698 maritum

21 719 140 774 daturos.
176 719 272 774 Varius
290 737 380 786 sermo,
399 724 426 776 et
444 719 477 774 ad
493 723 590 775 metum
606 723 683 790 atque
700 720 763 776 uam
781 720 866 774 ac62

22 795 211 859 commodatus,
223 795 318 850 terruit
331 797 407 850 simul
416 795 560 852 audientem
572 799 599 851 et
610 795 733 852 accendit.
770 795 822 851 Sed

21 891 113 942 parum
126 871 229 927 valebat
241 873 351 943 suspicio
367 873 395 926 in
412 890 493 937 servo,
510 876 537 927 et
549 873 731 943 quaestionibus
747 873 822 928 ancil·

22 949 106 1004 larum
134 947 206 1002 elusa
227 952 289 1004 erat.
325 949 398 1018 Ergo
415 949 599 1004 confessionem
617 948 722 1019 alicujus
743 949 845 1019 queri2

23 1025 116 1095 placet,
132 1025 175 1079 cui
186 1043 273 1080 rerum
284 1043 385 1096 quoque
401 1043 525 1080 novarum
541 1026 636 1080 crimen
652 1025 821 1096 effingeretur.

23 1102 56 1156 Et
67 1102 146 1157 visus
157 1099 265 1156 idoneus
274 1105 395 1156 maternae
403 1102 473 1156 necis
485 1105 601 1172 patrator
608 1101 740 1166 Anicetus,
748 1101 847 1156 classi-⁹2

24 1177 91 1248 apud
110 1177 254 1242 Misenum,
269 1181 300 1232 ut
315 1178 461 1245 memoravi,
472 1178 623 1248 prefectum
641 1177 691 1233 levi
706 1182 764 1248 post
780 1177 824 1232 ad-

24 1255 136 1309 missum
149 1253 234 1308 scelus
246 1255 337 1324 gratia,
349 1254 409 1310 dein
424 1254 540 1326 graviore
551 1254 617 1319 odio,
631 1254 690 1325 quia
702 1253 825 1308 malorum

24 1330 171 1385 facinorum
179 1329 291 1384 ministri
300 1331 372 1400 quasi
381 1330 563 1400 exprobrantes
572 1331 736 1401 aspiciuntur.
773 1330 850 1400 Igie

25 1410 67 1461 tur
78 1406 197 1461 accitum
209 1424 268 1460 cum
280 1406 366 1462 Ceasar
381 1424 465 1477 operae
481 1407 573 1477 prioris
589 1406 724 1462 admonet:
743 1407 826 1462 solum

25 1483 202 1538 incolumitati
213 1482 334 1553 principis
343 1483 465 1538 adversus
476 1481 637 1538 insidiantem
649 1487 756 1538 matrem
768 1482 825 1537 sub

26 1559 145 1623 venisse;
164 1557 250 1613 locum
270 1558 339 1613 haud
355 1558 460 1613 minoris
478 1559 567 1629 gratita
584 1559 686 1622 instare,
700 1559 723 1613 si
740 1559 827 1628 couju-

26 1654 84 1706 gem
97 1634 230 1689 intensam
242 1633 387 1705 depelleret.
411 1636 469 1689 Nec
479 1653 557 1689 manu
569 1638 614 1688 eut
625 1634 678 1688 telo
689 1651 770 1703 opus:
789 1633 802 1686 i
815 1628 849 1674 -5

26 1715 129 1766 teretur
143 1709 260 1764 Octavia
276 1710 436 1766 adulterium.
473 1711 582 1766 Occulta
598 1708 700 1780 quidem
716 1709 748 1762 ad
763 1727 827 1778 pra-

26 1806 85 1842 sens
103 1786 153 1842 sed
170 1803 263 1856 magna
274 1786 299 1841 ei
313 1787 417 1857 praemia
428 1790 454 1842 et
471 1803 585 1842 secessus
602 1803 712 1839 amoenos
725 1785 828 1854 promit·

25 1865 66 1928 tit,
79 1863 133 1927 vel,
147 1863 172 1916 si
182 1863 334 1930 negavisset,
343 1881 431 1918 necem
442 1863 560 1918 intentat.
597 1862 644 1916 llle
656 1861 732 1916 insita
743 1863 852 1916 recor-6

26 1940 75 2008 dia,
89 1944 120 1994 et
132 1938 259 1993 facilitate
277 1941 390 2009 priorum
401 1939 564 2010 flagitiorum,
577 1939 651 2009 plura
666 1938 742 1992 etiam
755 1954 830 2006 quarn

23 2017 131 2086 jussum
148 2019 206 2069 erat
221 2015 296 2084 fingit
311 2015 459 2085 fateturque
475 2015 544 2085 apud
560 2014 662 2077 amicos,
680 2031 744 2083 quos
760 2012 830 2068 velut

25 2091 138 2147 consilio
151 2090 302 2147 adhibuerat
316 2091 442 2161 princeps.
478 2091 586 2146 'lumin
603 2089 743 2144 Sardiniam
760 2088 826 2160 pelli·

25 2177 79 2233 tur,
93 2166 144 2222 ubi
159 2184 212 2220 non
228 2166 302 2236 inops
320 2167 424 2221 erilium
440 2166 559 2221 toleravit
575 2169 601 2220 et
616 2166 671 2220 iato
687 2165 758 2220 obiit.
793 2166 831 2219 At
838 2158 876 2214 63

25 2245 103 2300 Nero
121 2241 276 2313 praeiectum
293 2243 320 2298 in
338 2260 409 2313 spem
427 2241 551 2296 sociandae
569 2241 656 2296 classis
674 2243 830 2310 corruptum,

25 2325 60 2386 et,
75 2320 206 2374 incusata
218 2317 294 2387 paulo
307 2323 367 2372 ante
379 2317 522 2373 sterilitatis
537 2317 639 2381 oblitus,
658 2316 760 2372 abactos
776 2335 832 2386 par·

25 2400 71 2450 tus
94 2393 255 2450 conscientia
273 2393 416 2457 libidinum,
432 2411 513 2463 eaque
530 2391 579 2446 sibi
595 2396 731 2462 comperte,
748 2392 832 2448 edicto

25 2473 167 2536 memorat,
179 2469 312 2539 insulaque
321 2467 475 2523 Pandataria
487 2468 620 2524 Octaviam
631 2468 735 2524 claudit.
770 2469 855 2522 Non2

27 2549 80 2603 alia
100 2545 164 2600 exul
181 2545 320 2600 visentium
337 2545 423 2600 oculos
441 2544 535 2614 majore
551 2543 722 2598 misericordia
739 2544 831 2598 affecit.

27 2623 210 2678 Meminerant
223 2620 306 2676 adbuc
322 2620 425 2692 quidam
437 2620 585 2691 Agrippina
597 2637 612 2674 a
623 2619 732 2682 Tiberio,
745 2635 833 2672 recen-

27 2703 83 2756 tior
96 2699 177 2754 Julia
189 2699 310 2753 memoria
321 2697 504 2752 obversabatur
515 2696 646 2751 aclaudio
658 2696 745 2766 pulsae.
782 2694 854 2749 8st

27 2778 81 2833 illis
93 2775 177 2832 robur
189 2774 272 2830 atatis
285 2773 407 2828 affuerat:
425 2772 484 2827 lata
495 2772 579 2844 aliqua
589 2771 712 2835 viderant,
725 2773 757 2825 et
769 2787 833 2838 pre·
