1936 2968
39 228 106 270 m·
118 227 150 268 ω
238 163 434 216 menon
450 163 521 214 XVI.
541 166 641 214 18—22.
791 165 839 218 887

38 277 112 332 bend
134 229 228 342 ‘iota
248 279 276 332 et
297 277 347 348 1psi
370 276 403 332 ed
424 293 525 332 omnem
548 274 677 330 libidinem
700 273 787 343 esclte,
807 289 838 330 sc

37 353 167 408 Petronio
184 371 307 424 perquem
323 351 461 408 familiaris.
497 353 593 424 Agitur
612 351 640 406 in
655 350 765 414 exilium,
780 353 861 405 tan-2

38 447 121 501 quam
137 447 192 484 uon
206 429 319 484 siluisset
335 447 391 500 que
406 428 504 482 videret
522 425 718 497 pertuleratque,
734 425 837 497 proprio

37 504 110 560 odio.
147 506 186 559 At
198 505 343 559 Mmueium
353 503 492 558 lbermum
503 509 615 575 praetura
625 502 744 558 mustum
755 502 837 575 'ligei-

36 581 88 638 lini
100 578 277 635 simultatibus
289 579 367 644 dedit,
376 579 435 648 qnia
446 579 553 635 libertus
565 579 669 634 'lber-nri
680 578 793 650 quadam
805 579 838 636 de

1 688 2 691 ¹
37 656 171 728 Tigellino
182 656 316 711 criminose
334 655 468 721 detulerat,
481 674 538 726 quae
556 655 710 711 cmciatibus
725 659 838 713 tormen·

37 737 131 790 torum
141 733 204 803 ipse,
217 735 341 802 petrones
353 736 409 803 ejus
421 749 483 788 nece
495 732 622 788 immerita
633 732 722 788 lueret.

1 820 3 829 '
76 809 225 864 Trucidatis
242 812 283 864 tot
300 808 442 881 insignibus
460 809 530 878 viris,
546 809 579 864 ed
594 814 751 881 postremum
765 810 881 866 Nerodl

36 887 168 946 virtutem
183 885 265 956 ipsum
279 885 425 941 exscindere
445 887 590 958 concupivit
609 887 744 942 interfecto
758 887 838 942 Thra·

1 994 2 1000 ,
36 982 84 1020 sea
104 963 177 1019 Peto
192 965 220 1017 st
236 961 320 1016 Barea
336 963 450 1029 bornum
468 961 529 1018 clim
545 964 660 1035 utrisque
677 963 798 1031 infensus,
810 965 838 1020 at

36 1038 224 1097 meantibus
237 1038 320 1094 causis
332 1039 360 1094 in
371 1039 517 1108 Thraseam,
529 1040 598 1111 qnod
609 1043 701 1095 senatu
718 1057 837 1111 egressus

36 1121 87 1182 est,
102 1134 165 1172 eum
183 1114 215 1172 de
226 1115 369 1187 Agrippina
384 1115 530 1182 referretur,
552 1120 582 1172 nt
598 1116 742 1182 memoravi,
759 1115 837 1187 quod·

36 1211 89 1266 que
102 1194 261 1264 juvenatium
273 1191 370 1248 ludicro
381 1210 473 1264 perum
485 1193 648 1264 spectabilem
659 1210 761 1264 operam
768 1191 838 1263 ‘prae-

35 1270 150 1336 bnerat5
170 1285 250 1338 eaque
272 1268 379 1324 offensio
402 1269 479 1323 ultius
502 1269 661 1340 penetrabat,
686 1269 746 1339 quia
768 1269 837 1323 idern

35 1347 157 1402 derassa
179 1345 287 1411 Patavii,
313 1344 381 1401 unde
404 1349 478 1400 ortus
499 1350 562 1412 eret,
584 1346 650 1401 ludis
674 1345 799 1416 ,rorastis
821 1363 838 1399 a

1 1433 2 1436 ’
35 1424 154 1496 Trojano
177 1423 308 1477 Antenore
326 1421 454 1478 institutis
472 1421 563 1478 habitu
583 1425 682 1494 tragico
702 1421 836 1478 cecinerat.

34 1501 91 1558 Die
104 1515 208 1570 quoque
220 1516 270 1568 quo
282 1503 376 1569 pretor
388 1498 518 1554 Antistius
530 1499 564 1554 ob
572 1497 665 1570 probra
672 1499 700 1554 in
707 1499 860 1554 Neronem

34 1575 186 1646 composita
202 1574 235 1629 sd
248 1579 356 1631 mortem
373 1574 546 1640 damnabatur,
563 1575 666 1630 mitiora
681 1575 780 1630 sensuit
794 1573 837 1629 cb·

33 1653 191 1722 tinuitquc3
204 1656 230 1706 ct
242 1669 301 1708 eum
313 1651 389 1707 dotem
399 1652 508 1707 honores
523 1653 640 1724 Poppae
656 1650 835 1716 decernuntur,

34 1731 137 1804 apsente
149 1727 248 1794 absens,
260 1729 346 1784 funeri
356 1746 409 1784 non
420 1728 580 1784 interfuerat.
618 1728 684 1789 Quo
695 1727 860 1783 oblitterant

33 1825 94 1865 non
118 1804 218 1860 sinebat
242 1805 334 1876 Gepito
358 1805 534 1872 Cossutianus,
554 1809 647 1876 preter
670 1805 782 1860 animum
805 1803 838 1858 ad

33 1882 143 1955 flagitis
162 1882 319 1954 precipitem
338 1882 441 1954 iniquus
457 1882 583 1949 Thraece,
599 1881 669 1953 quod
684 1881 837 1937 auctoritate

33 1961 100 2034 ejus
120 1957 279 2024 concidisset,
293 1959 414 2030 ¹juvantis
433 1959 543 2014 Cilicum
559 1959 666 2032 legatos,
685 1958 746 2014 dum
764 1958 837 2030 Gepi-

33 2042 132 2094 tonem
143 2035 341 2105 repetundarum
352 2036 519 2108 interrogent.
557 2036 662 2097 Quinet
673 2035 717 2092 illa
728 2035 837 2107 objecta·
845 2041 882 2096 22

34 2115 96 2180 neo,
114 2111 239 2183 principio
256 2112 316 2168 anni
327 2112 409 2168 vitare
426 2113 564 2168 lbraseam
580 2113 692 2168 sollenne
707 2112 837 2185 jusjuran-

33 2192 128 2254 dume
141 2187 373 2259 nuncupationibus
391 2195 511 2244 votorum
530 2207 583 2244 non
602 2189 698 2255 edesse,
721 2189 836 2259 quamvis

33 2263 262 2340 quindecimvirali
274 2265 415 2320 sacerdotio
427 2266 577 2337 preditum
596 2279 725 2338 nunqnam
738 2283 785 2338 pro
797 2283 837 2321 se-

31 2345 99 2402 lntc
114 2341 235 2412 principis
251 2344 296 2396 aet
311 2341 406 2397 caelesti
422 2360 484 2398 voce
501 2342 688 2408 immolavissc;
706 2342 836 2397 assiduum

31 2420 104 2478 olim
128 2420 156 2471 et
178 2417 341 2483 indefessum,
367 2418 411 2488 qui
433 2418 580 2490 vulgaribus
605 2437 705 2490 quoque
735 2422 837 2489 patrum

31 2493 168 2556 consultis
189 2497 269 2549 semet
286 2493 411 2549 fautorem
430 2498 475 2549 sut
493 2494 664 2550 adversarium
681 2492 834 2558 ostenderet,

30 2571 155 2632 hiennio
171 2587 224 2625 non
240 2571 362 2626 introisse
378 2571 491 2638 curiam
509 2571 710 2642 nuperrimeque,
729 2587 788 2624 eum
803 2567 837 2622 ad

31 2645 197 2710 metuendos
209 2646 323 2702 Silanum
334 2650 365 2702 et
373 2647 495 2702 Veterem
507 2647 624 2702 certatim
633 2648 834 2708 concurreretur,

30 2724 152 2803 privatis
174 2725 262 2795 potius
285 2723 416 2780 edendum
439 2723 549 2794 negotiis
572 2721 708 2779 recusso.
749 2719 857 2775 beses-2
953 2786 958 2808 ι
