<?xml version="1.0" encoding="UTF-8"?>
<!DOCTYPE html PUBLIC "-//W3C//DTD XHTML 1.0 Transitional//EN"
    "http://www.w3.org/TR/xhtml1/DTD/xhtml1-transitional.dtd">
<html xmlns="http://www.w3.org/1999/xhtml" xml:lang="en" lang="en">
 <head>
  <title>
</title>
<meta http-equiv="Content-Type" content="text/html;charset=utf-8" />
  <meta name='ocr-system' content='tesseract 3.04.00' />
  <meta name='ocr-capabilities' content='ocr_page ocr_carea ocr_par ocr_line ocrx_word'/>
</head>
<body>
  <div class='ocr_page' id='page_1' title='image "./opera04tacigoog_0393.png"; bbox 0 0 1936 2968; ppageno 0'>
   <div class='ocr_carea' id='block_1_1' title="bbox 132 111 928 222">
    <p class='ocr_par' dir='ltr' id='par_1_1' title="bbox 132 111 928 222">
     <span class='ocr_line' id='line_1_1' title="bbox 132 111 598 162; baseline -0.004 0"><span class='ocrx_word' id='word_1_1' title='bbox 132 111 181 162; x_wconf 80' lang='lat' dir='ltr'><strong>tut</strong></span> <span class='ocrx_word' id='word_1_2' title='bbox 452 118 455 124; x_wconf 84' lang='lat'>·</span> <span class='ocrx_word' id='word_1_3' title='bbox 478 111 598 162; x_wconf 72' lang='lat' dir='ltr'><strong>(them</strong></span> 
     </span>
     <span class='ocr_line' id='line_1_2' title="bbox 766 173 928 222; baseline 0.019 -9"><span class='ocrx_word' id='word_1_4' title='bbox 766 173 801 222; x_wconf 77' lang='lat' dir='ltr'><strong>[a</strong></span> <span class='ocrx_word' id='word_1_5' title='bbox 814 173 843 214; x_wconf 89' lang='lat' dir='ltr'><strong>n.</strong></span> <span class='ocrx_word' id='word_1_6' title='bbox 853 173 928 216; x_wconf 70' lang='lat' dir='ltr'><strong>eam</strong></span> 
     </span>
    </p>
   </div>
   <div class='ocr_carea' id='block_1_2' title="bbox 130 221 929 295">
    <p class='ocr_par' dir='ltr' id='par_1_2' title="bbox 130 221 929 295">
     <span class='ocr_line' id='line_1_3' title="bbox 130 221 929 295; baseline 0 -17"><span class='ocrx_word' id='word_1_7' title='bbox 130 221 224 278; x_wconf 85' lang='lat' dir='ltr'><strong>ianam</strong></span> <span class='ocrx_word' id='word_1_8' title='bbox 244 221 394 293; x_wconf 67' lang='lat' dir='ltr'><strong>protulerat,</strong></span> <span class='ocrx_word' id='word_1_9' title='bbox 414 223 605 294; x_wconf 73' lang='lat' dir='ltr'><strong>habebaturque</strong></span> <span class='ocrx_word' id='word_1_10' title='bbox 625 239 677 278; x_wconf 89' lang='lat' dir='ltr'><strong>non</strong></span> <span class='ocrx_word' id='word_1_11' title='bbox 695 239 778 293; x_wconf 85' lang='lat' dir='ltr'><strong>ganeo</strong></span> <span class='ocrx_word' id='word_1_12' title='bbox 795 227 825 278; x_wconf 83' lang='lat' dir='ltr'><strong>et</strong></span> <span class='ocrx_word' id='word_1_13' title='bbox 843 225 929 295; x_wconf 58' lang='lat' dir='ltr'><strong>pradia</strong></span> 
     </span>
    </p>
   </div>
   <div class='ocr_carea' id='block_1_3' title="bbox 40 299 967 2736">
    <p class='ocr_par' dir='ltr' id='par_1_3' title="bbox 40 299 967 2736">
     <span class='ocr_line' id='line_1_4' title="bbox 131 299 928 372; baseline 0.003 -19"><span class='ocrx_word' id='word_1_14' title='bbox 131 304 213 372; x_wconf 79' lang='lat' dir='ltr'><strong>gater,</strong></span> <span class='ocrx_word' id='word_1_15' title='bbox 230 305 261 354; x_wconf 89' lang='lat' dir='ltr'><strong>ut</strong></span> <span class='ocrx_word' id='word_1_16' title='bbox 277 299 392 370; x_wconf 82' lang='lat' dir='ltr'>plerique</span> <span class='ocrx_word' id='word_1_17' title='bbox 407 319 455 356; x_wconf 86' lang='lat' dir='ltr'><strong>aua</strong></span> <span class='ocrx_word' id='word_1_18' title='bbox 471 301 650 364; x_wconf 77' lang='lat' dir='ltr'><strong>haurientium,</strong></span> <span class='ocrx_word' id='word_1_19' title='bbox 669 299 716 354; x_wconf 87' lang='lat' dir='ltr'><strong>sed</strong></span> <span class='ocrx_word' id='word_1_20' title='bbox 732 299 838 355; x_wconf 89' lang='lat' dir='ltr'><strong>erudito</strong></span> <span class='ocrx_word' id='word_1_21' title='bbox 854 301 928 355; x_wconf 80' lang='lat' dir='ltr'><strong>luxu.</strong></span> 
     </span>
     <span class='ocr_line' id='line_1_5' title="bbox 108 375 929 448; baseline -0.001 -15"><span class='ocrx_word' id='word_1_22' title='bbox 108 378 170 434; x_wconf 73' lang='lat' dir='ltr'><strong>udo</strong></span> <span class='ocrx_word' id='word_1_23' title='bbox 187 376 256 432; x_wconf 87' lang='lat' dir='ltr'><strong>dicta</strong></span> <span class='ocrx_word' id='word_1_24' title='bbox 273 375 391 448; x_wconf 84' lang='lat' dir='ltr'><strong>factaque</strong></span> <span class='ocrx_word' id='word_1_25' title='bbox 409 378 472 448; x_wconf 85' lang='lat' dir='ltr'><strong>ejus,</strong></span> <span class='ocrx_word' id='word_1_26' title='bbox 493 380 589 447; x_wconf 87' lang='lat' dir='ltr'><strong>quanto</strong></span> <span class='ocrx_word' id='word_1_27' title='bbox 610 376 732 431; x_wconf 87' lang='lat' dir='ltr'><strong>solutiora</strong></span> <span class='ocrx_word' id='word_1_28' title='bbox 751 381 779 430; x_wconf 90' lang='lat' dir='ltr'><strong>et</strong></span> <span class='ocrx_word' id='word_1_29' title='bbox 800 377 929 447; x_wconf 76' lang='lat' dir='ltr'><strong>qnandun</strong></span> 
     </span>
     <span class='ocr_line' id='line_1_6' title="bbox 131 452 928 524; baseline -0.003 -16"><span class='ocrx_word' id='word_1_30' title='bbox 131 454 171 508; x_wconf 87' lang='lat' dir='ltr'><strong>aui</strong></span> <span class='ocrx_word' id='word_1_31' title='bbox 188 452 370 524; x_wconf 84' lang='lat' dir='ltr'><strong>negligentiam</strong></span> <span class='ocrx_word' id='word_1_32' title='bbox 383 453 552 524; x_wconf 86' lang='lat' dir='ltr'><strong>praeferentia,</strong></span> <span class='ocrx_word' id='word_1_33' title='bbox 566 455 638 507; x_wconf 87' lang='lat' dir='ltr'><strong>tanto</strong></span> <span class='ocrx_word' id='word_1_34' title='bbox 655 452 756 524; x_wconf 83' lang='lat' dir='ltr'><strong>gratius</strong></span> <span class='ocrx_word' id='word_1_35' title='bbox 773 453 928 524; x_wconf 73' lang='lat' dir='ltr'><strong>inspeciem</strong></span> 
     </span>
     <span class='ocr_line' id='line_1_7' title="bbox 109 529 927 602; baseline -0.002 -16"><span class='ocrx_word' id='word_1_36' title='bbox 109 529 299 600; x_wconf 77' lang='lat' dir='ltr'><strong>tahnplieitatis</strong></span> <span class='ocrx_word' id='word_1_37' title='bbox 312 530 508 600; x_wconf 72' lang='lat' dir='ltr'><strong>accipiebantur.</strong></span> <span class='ocrx_word' id='word_1_38' title='bbox 537 530 678 584; x_wconf 86' lang='lat' dir='ltr'><strong>Proconsul</strong></span> <span class='ocrx_word' id='word_1_39' title='bbox 689 533 778 584; x_wconf 82' lang='lat' dir='ltr'><strong>tamen</strong></span> <span class='ocrx_word' id='word_1_40' title='bbox 789 530 927 602; x_wconf 72' lang='lat' dir='ltr'><strong>Bithynia,</strong></span> 
     </span>
     <span class='ocr_line' id='line_1_8' title="bbox 129 606 926 678; baseline 0.003 -18"><span class='ocrx_word' id='word_1_41' title='bbox 129 610 157 662; x_wconf 90' lang='lat' dir='ltr'><strong>et</strong></span> <span class='ocrx_word' id='word_1_42' title='bbox 169 625 227 662; x_wconf 85' lang='lat' dir='ltr'><strong>mox</strong></span> <span class='ocrx_word' id='word_1_43' title='bbox 240 606 336 671; x_wconf 89' lang='lat' dir='ltr'><strong>consul,</strong></span> <span class='ocrx_word' id='word_1_44' title='bbox 349 607 479 678; x_wconf 78' lang='lat' dir='ltr'><strong>vigentem</strong></span> <span class='ocrx_word' id='word_1_45' title='bbox 491 625 519 662; x_wconf 91' lang='lat' dir='ltr'><strong>se</strong></span> <span class='ocrx_word' id='word_1_46' title='bbox 531 624 561 661; x_wconf 90' lang='lat' dir='ltr'><strong>ac</strong></span> <span class='ocrx_word' id='word_1_47' title='bbox 572 624 659 676; x_wconf 88' lang='lat' dir='ltr'><strong>parem</strong></span> <span class='ocrx_word' id='word_1_48' title='bbox 674 606 786 676; x_wconf 86' lang='lat' dir='ltr'><strong>negotiis</strong></span> <span class='ocrx_word' id='word_1_49' title='bbox 805 607 926 662; x_wconf 76' lang='lat' dir='ltr'><strong>ostendit</strong></span> 
     </span>
     <span class='ocr_line' id='line_1_9' title="bbox 108 682 928 750; baseline -0.001 -11"><span class='ocrx_word' id='word_1_50' title='bbox 108 683 198 740; x_wconf 79' lang='lat' dir='ltr'><strong>4Dein</strong></span> <span class='ocrx_word' id='word_1_51' title='bbox 209 683 339 738; x_wconf 88' lang='lat' dir='ltr'><strong>revolutus</strong></span> <span class='ocrx_word' id='word_1_52' title='bbox 356 683 389 737; x_wconf 90' lang='lat' dir='ltr'><strong>ad</strong></span> <span class='ocrx_word' id='word_1_53' title='bbox 406 683 477 750; x_wconf 86' lang='lat' dir='ltr'><strong>vitia,</strong></span> <span class='ocrx_word' id='word_1_54' title='bbox 489 701 536 738; x_wconf 90' lang='lat' dir='ltr'><strong>seu</strong></span> <span class='ocrx_word' id='word_1_55' title='bbox 551 683 672 738; x_wconf 85' lang='lat' dir='ltr'><strong>vitiorum</strong></span> <span class='ocrx_word' id='word_1_56' title='bbox 687 682 842 748; x_wconf 81' lang='lat' dir='ltr'><strong>imitatione,</strong></span> <span class='ocrx_word' id='word_1_57' title='bbox 860 684 928 738; x_wconf 84' lang='lat' dir='ltr'><strong>inter</strong></span> 
     </span>
     <span class='ocr_line' id='line_1_10' title="bbox 107 759 927 831; baseline 0 -17"><span class='ocrx_word' id='word_1_58' title='bbox 107 777 224 830; x_wconf 69' lang='lat' dir='ltr'><strong>paucos</strong></span> <span class='ocrx_word' id='word_1_59' title='bbox 247 759 410 814; x_wconf 81' lang='lat' dir='ltr'><strong>familiarium</strong></span> <span class='ocrx_word' id='word_1_60' title='bbox 433 760 532 814; x_wconf 85' lang='lat' dir='ltr'><strong>Neroni</strong></span> <span class='ocrx_word' id='word_1_61' title='bbox 555 762 703 829; x_wconf 85' lang='lat' dir='ltr'><strong>assumptus</strong></span> <span class='ocrx_word' id='word_1_62' title='bbox 721 763 771 823; x_wconf 89' lang='lat' dir='ltr'><strong>est,</strong></span> <span class='ocrx_word' id='word_1_63' title='bbox 792 759 927 831; x_wconf 73' lang='lat' dir='ltr'><strong>elegantia</strong></span> 
     </span>
     <span class='ocr_line' id='line_1_11' title="bbox 129 835 926 906; baseline -0.003 -16"><span class='ocrx_word' id='word_1_64' title='bbox 129 836 231 904; x_wconf 89' lang='lat' dir='ltr'><strong>arbiter,</strong></span> <span class='ocrx_word' id='word_1_65' title='bbox 250 835 310 890; x_wconf 89' lang='lat' dir='ltr'><strong>dura</strong></span> <span class='ocrx_word' id='word_1_66' title='bbox 330 835 394 890; x_wconf 88' lang='lat' dir='ltr'><strong>nihil</strong></span> <span class='ocrx_word' id='word_1_67' title='bbox 411 853 537 891; x_wconf 87' lang='lat' dir='ltr'><strong>amoenum</strong></span> <span class='ocrx_word' id='word_1_68' title='bbox 555 839 583 889; x_wconf 92' lang='lat' dir='ltr'><strong>et</strong></span> <span class='ocrx_word' id='word_1_69' title='bbox 600 835 675 890; x_wconf 90' lang='lat' dir='ltr'><strong>molle</strong></span> <span class='ocrx_word' id='word_1_70' title='bbox 693 835 826 890; x_wconf 83' lang='lat' dir='ltr'><strong>affluentia</strong></span> <span class='ocrx_word' id='word_1_71' title='bbox 842 839 926 906; x_wconf 86' lang='lat' dir='ltr'><strong>putat,</strong></span> 
     </span>
     <span class='ocr_line' id='line_1_12' title="bbox 107 910 928 982; baseline 0 -16"><span class='ocrx_word' id='word_1_72' title='bbox 107 912 178 968; x_wconf 73' lang='lat' dir='ltr'><strong>enisi</strong></span> <span class='ocrx_word' id='word_1_73' title='bbox 202 911 270 982; x_wconf 91' lang='lat' dir='ltr'><strong>quod</strong></span> <span class='ocrx_word' id='word_1_74' title='bbox 293 912 317 967; x_wconf 92' lang='lat' dir='ltr'><strong>ei</strong></span> <span class='ocrx_word' id='word_1_75' title='bbox 340 913 476 967; x_wconf 81' lang='lat' dir='ltr'><strong>Petronius</strong></span> <span class='ocrx_word' id='word_1_76' title='bbox 497 911 694 982; x_wconf 79' lang='lat' dir='ltr'><strong>approbavisset.</strong></span> <span class='ocrx_word' id='word_1_77' title='bbox 731 910 812 966; x_wconf 90' lang='lat' dir='ltr'><strong>Unde</strong></span> <span class='ocrx_word' id='word_1_78' title='bbox 833 912 928 966; x_wconf 83' lang='lat' dir='ltr'><strong>invidia</strong></span> 
     </span>
     <span class='ocr_line' id='line_1_13' title="bbox 129 987 927 1059; baseline -0.003 -15"><span class='ocrx_word' id='word_1_79' title='bbox 129 988 253 1059; x_wconf 78' lang='lat' dir='ltr'><strong>Tigellini,</strong></span> <span class='ocrx_word' id='word_1_80' title='bbox 272 989 346 1059; x_wconf 85' lang='lat' dir='ltr'><strong>quasi</strong></span> <span class='ocrx_word' id='word_1_81' title='bbox 363 989 484 1044; x_wconf 64' lang='lat' dir='ltr'><strong>maerens</strong></span> <span class='ocrx_word' id='word_1_82' title='bbox 503 987 621 1043; x_wconf 80' lang='lat' dir='ltr'><strong>ammam</strong></span> <span class='ocrx_word' id='word_1_83' title='bbox 639 991 666 1042; x_wconf 87' lang='lat' dir='ltr'><strong>et</strong></span> <span class='ocrx_word' id='word_1_84' title='bbox 684 987 793 1042; x_wconf 84' lang='lat' dir='ltr'><strong>scientia</strong></span> <span class='ocrx_word' id='word_1_85' title='bbox 810 989 927 1059; x_wconf 85' lang='lat' dir='ltr'><strong>volupta-</strong></span> 
     </span>
     <span class='ocr_line' id='line_1_14' title="bbox 128 1062 927 1136; baseline 0 -16"><span class='ocrx_word' id='word_1_86' title='bbox 128 1069 186 1120; x_wconf 92' lang='lat' dir='ltr'><strong>tum</strong></span> <span class='ocrx_word' id='word_1_87' title='bbox 197 1064 328 1136; x_wconf 86' lang='lat' dir='ltr'><strong>pctiorem.</strong></span> <span class='ocrx_word' id='word_1_88' title='bbox 364 1065 435 1136; x_wconf 82' lang='lat' dir='ltr'><strong>Ergo</strong></span> <span class='ocrx_word' id='word_1_89' title='bbox 447 1064 626 1120; x_wconf 80' lang='lat' dir='ltr'><strong>crudelitatem</strong></span> <span class='ocrx_word' id='word_1_90' title='bbox 637 1062 768 1134; x_wconf 87' lang='lat' dir='ltr'><strong>principis,</strong></span> <span class='ocrx_word' id='word_1_91' title='bbox 779 1065 824 1118; x_wconf 86' lang='lat' dir='ltr'><strong>eui</strong></span> <span class='ocrx_word' id='word_1_92' title='bbox 837 1069 927 1120; x_wconf 78' lang='lat' dir='ltr'><strong>cetera</strong></span> 
     </span>
     <span class='ocr_line' id='line_1_15' title="bbox 128 1139 929 1212; baseline 0 -16"><span class='ocrx_word' id='word_1_93' title='bbox 128 1140 245 1199; x_wconf 85' lang='lat' dir='ltr'><strong>libidines</strong></span> <span class='ocrx_word' id='word_1_94' title='bbox 266 1141 397 1206; x_wconf 89' lang='lat' dir='ltr'><strong>cedebant,</strong></span> <span class='ocrx_word' id='word_1_95' title='bbox 416 1141 573 1212; x_wconf 81' lang='lat' dir='ltr'><strong>aggreditur,</strong></span> <span class='ocrx_word' id='word_1_96' title='bbox 594 1139 731 1194; x_wconf 87' lang='lat' dir='ltr'><strong>amicitiam</strong></span> <span class='ocrx_word' id='word_1_97' title='bbox 750 1140 863 1196; x_wconf 76' lang='lat' dir='ltr'><strong>Sooerim</strong></span> <span class='ocrx_word' id='word_1_98' title='bbox 880 1142 929 1196; x_wconf 80' lang='lat' dir='ltr'><strong>Pe·</strong></span> 
     </span>
     <span class='ocr_line' id='line_1_16' title="bbox 128 1217 928 1289; baseline 0 -17"><span class='ocrx_word' id='word_1_99' title='bbox 128 1218 213 1272; x_wconf 86' lang='lat' dir='ltr'><strong>tronio</strong></span> <span class='ocrx_word' id='word_1_100' title='bbox 229 1217 367 1289; x_wconf 87' lang='lat' dir='ltr'><strong>objectans,</strong></span> <span class='ocrx_word' id='word_1_101' title='bbox 380 1222 501 1289; x_wconf 89' lang='lat' dir='ltr'><strong>corrupto</strong></span> <span class='ocrx_word' id='word_1_102' title='bbox 517 1217 550 1272; x_wconf 90' lang='lat' dir='ltr'><strong>ad</strong></span> <span class='ocrx_word' id='word_1_103' title='bbox 563 1217 685 1272; x_wconf 87' lang='lat' dir='ltr'><strong>indicium</strong></span> <span class='ocrx_word' id='word_1_104' title='bbox 703 1233 779 1270; x_wconf 83' lang='lat' dir='ltr'><strong>servo</strong></span> <span class='ocrx_word' id='word_1_105' title='bbox 798 1217 928 1289; x_wconf 76' lang='lat' dir='ltr'><strong>adempta-</strong></span> 
     </span>
     <span class='ocr_line' id='line_1_17' title="bbox 130 1293 967 1366; baseline 0.001 -18"><span class='ocrx_word' id='word_1_106' title='bbox 130 1313 179 1364; x_wconf 88' lang='lat' dir='ltr'><strong>que</strong></span> <span class='ocrx_word' id='word_1_107' title='bbox 192 1294 345 1360; x_wconf 87' lang='lat' dir='ltr'><strong>defensione,</strong></span> <span class='ocrx_word' id='word_1_108' title='bbox 359 1299 385 1350; x_wconf 90' lang='lat' dir='ltr'><strong>et</strong></span> <span class='ocrx_word' id='word_1_109' title='bbox 397 1296 493 1365; x_wconf 86' lang='lat' dir='ltr'><strong>majore</strong></span> <span class='ocrx_word' id='word_1_110' title='bbox 505 1297 578 1364; x_wconf 85' lang='lat' dir='ltr'><strong>parte</strong></span> <span class='ocrx_word' id='word_1_111' title='bbox 589 1293 691 1348; x_wconf 76' lang='lat' dir='ltr'><strong>familia</strong></span> <span class='ocrx_word' id='word_1_112' title='bbox 703 1293 731 1348; x_wconf 91' lang='lat' dir='ltr'><strong>in</strong></span> <span class='ocrx_word' id='word_1_113' title='bbox 742 1293 829 1350; x_wconf 77' lang='lat' dir='ltr'><strong>vinula</strong></span> <span class='ocrx_word' id='word_1_114' title='bbox 845 1300 926 1366; x_wconf 80' lang='lat' dir='ltr'><strong>rapta.</strong></span> <span class='ocrx_word' id='word_1_115' title='bbox 959 1335 967 1342; x_wconf 82' lang='lat'><strong>·</strong></span> 
     </span>
     <span class='ocr_line' id='line_1_18' title="bbox 87 1369 926 1442; baseline -0.001 -16"><span class='ocrx_word' id='word_1_116' title='bbox 87 1370 122 1426; x_wconf 85' lang='lat'><strong>19</strong></span> <span class='ocrx_word' id='word_1_117' title='bbox 130 1369 207 1426; x_wconf 81' lang='lat' dir='ltr'><strong>Forte</strong></span> <span class='ocrx_word' id='word_1_118' title='bbox 219 1370 269 1425; x_wconf 88' lang='lat' dir='ltr'><strong>illia</strong></span> <span class='ocrx_word' id='word_1_119' title='bbox 282 1371 372 1426; x_wconf 74' lang='lat' dir='ltr'><strong>diebrm</strong></span> <span class='ocrx_word' id='word_1_120' title='bbox 380 1371 544 1442; x_wconf 78' lang='lat' dir='ltr'><strong>Campaniam</strong></span> <span class='ocrx_word' id='word_1_121' title='bbox 552 1371 678 1440; x_wconf 83' lang='lat' dir='ltr'><strong>petiverat</strong></span> <span class='ocrx_word' id='word_1_122' title='bbox 687 1370 782 1435; x_wconf 84' lang='lat' dir='ltr'><strong>Ooesar,</strong></span> <span class='ocrx_word' id='word_1_123' title='bbox 793 1374 823 1425; x_wconf 89' lang='lat' dir='ltr'><strong>et</strong></span> <span class='ocrx_word' id='word_1_124' title='bbox 833 1371 926 1426; x_wconf 85' lang='lat' dir='ltr'><strong>Cumas</strong></span> 
     </span>
     <span class='ocr_line' id='line_1_19' title="bbox 129 1446 926 1518; baseline 0 -16"><span class='ocrx_word' id='word_1_125' title='bbox 129 1465 210 1518; x_wconf 89' lang='lat' dir='ltr'><strong>usque</strong></span> <span class='ocrx_word' id='word_1_126' title='bbox 223 1466 373 1518; x_wconf 89' lang='lat' dir='ltr'><strong>progressus</strong></span> <span class='ocrx_word' id='word_1_127' title='bbox 386 1447 522 1503; x_wconf 87' lang='lat' dir='ltr'><strong>Petronius</strong></span> <span class='ocrx_word' id='word_1_128' title='bbox 534 1447 586 1502; x_wconf 89' lang='lat' dir='ltr'><strong>illio</strong></span> <span class='ocrx_word' id='word_1_129' title='bbox 598 1446 765 1502; x_wconf 87' lang='lat' dir='ltr'><strong>attinebatur.</strong></span> <span class='ocrx_word' id='word_1_130' title='bbox 797 1448 926 1502; x_wconf 84' lang='lat' dir='ltr'><strong>Nectolit</strong></span> 
     </span>
     <span class='ocr_line' id='line_1_20' title="bbox 108 1523 925 1596; baseline -0.001 -17"><span class='ocrx_word' id='word_1_131' title='bbox 108 1525 198 1580; x_wconf 67' lang='lat' dir='ltr'><strong>nultra</strong></span> <span class='ocrx_word' id='word_1_132' title='bbox 215 1524 314 1580; x_wconf 88' lang='lat' dir='ltr'><strong>timoris</strong></span> <span class='ocrx_word' id='word_1_133' title='bbox 333 1528 378 1580; x_wconf 87' lang='lat' dir='ltr'><strong>ant</strong></span> <span class='ocrx_word' id='word_1_134' title='bbox 399 1524 454 1596; x_wconf 90' lang='lat' dir='ltr'><strong>spei</strong></span> <span class='ocrx_word' id='word_1_135' title='bbox 474 1535 565 1580; x_wconf 68' lang='lat' dir='ltr'><strong>morae.</strong></span> <span class='ocrx_word' id='word_1_136' title='bbox 602 1523 695 1594; x_wconf 89' lang='lat' dir='ltr'><strong>Neque</strong></span> <span class='ocrx_word' id='word_1_137' title='bbox 710 1527 801 1578; x_wconf 87' lang='lat' dir='ltr'><strong>tamen</strong></span> <span class='ocrx_word' id='word_1_138' title='bbox 815 1541 925 1595; x_wconf 81' lang='lat' dir='ltr'><strong>praecepa</strong></span> 
     </span>
     <span class='ocr_line' id='line_1_21' title="bbox 130 1599 925 1673; baseline -0.001 -17"><span class='ocrx_word' id='word_1_139' title='bbox 130 1601 209 1656; x_wconf 84' lang='lat' dir='ltr'><strong>vitam</strong></span> <span class='ocrx_word' id='word_1_140' title='bbox 221 1601 327 1672; x_wconf 88' lang='lat' dir='ltr'><strong>expulit,</strong></span> <span class='ocrx_word' id='word_1_141' title='bbox 344 1601 390 1656; x_wconf 89' lang='lat' dir='ltr'><strong>sed</strong></span> <span class='ocrx_word' id='word_1_142' title='bbox 405 1601 499 1657; x_wconf 87' lang='lat' dir='ltr'><strong>incisas</strong></span> <span class='ocrx_word' id='word_1_143' title='bbox 517 1618 602 1665; x_wconf 84' lang='lat' dir='ltr'><strong>renas,</strong></span> <span class='ocrx_word' id='word_1_144' title='bbox 621 1603 651 1654; x_wconf 90' lang='lat' dir='ltr'><strong>ut</strong></span> <span class='ocrx_word' id='word_1_145' title='bbox 669 1599 780 1664; x_wconf 89' lang='lat' dir='ltr'><strong>libitum,</strong></span> <span class='ocrx_word' id='word_1_146' title='bbox 801 1601 925 1673; x_wconf 77' lang='lat' dir='ltr'><strong>obligatis</strong></span> 
     </span>
     <span class='ocr_line' id='line_1_22' title="bbox 130 1677 923 1750; baseline -0.001 -18"><span class='ocrx_word' id='word_1_147' title='bbox 130 1677 227 1748; x_wconf 90' lang='lat' dir='ltr'><strong>aperire</strong></span> <span class='ocrx_word' id='word_1_148' title='bbox 250 1696 360 1744; x_wconf 75' lang='lat' dir='ltr'><strong>rursum</strong></span> <span class='ocrx_word' id='word_1_149' title='bbox 383 1681 409 1732; x_wconf 90' lang='lat' dir='ltr'><strong>et</strong></span> <span class='ocrx_word' id='word_1_150' title='bbox 429 1678 524 1750; x_wconf 86' lang='lat' dir='ltr'><strong>alloqui</strong></span> <span class='ocrx_word' id='word_1_151' title='bbox 542 1677 644 1743; x_wconf 87' lang='lat' dir='ltr'><strong>amicos,</strong></span> <span class='ocrx_word' id='word_1_152' title='bbox 663 1693 716 1732; x_wconf 89' lang='lat' dir='ltr'><strong>non</strong></span> <span class='ocrx_word' id='word_1_153' title='bbox 734 1695 781 1746; x_wconf 89' lang='lat' dir='ltr'><strong>per</strong></span> <span class='ocrx_word' id='word_1_154' title='bbox 799 1679 868 1732; x_wconf 87' lang='lat' dir='ltr'><strong>aeria</strong></span> <span class='ocrx_word' id='word_1_155' title='bbox 882 1679 923 1731; x_wconf 82' lang='lat' dir='ltr'><strong>aut</strong></span> 
     </span>
     <span class='ocr_line' id='line_1_23' title="bbox 108 1751 925 1826; baseline -0.001 -17"><span class='ocrx_word' id='word_1_156' title='bbox 108 1754 222 1824; x_wconf 78' lang='lat' dir='ltr'><strong>tquibua</strong></span> <span class='ocrx_word' id='word_1_157' title='bbox 242 1753 348 1826; x_wconf 82' lang='lat' dir='ltr'><strong>gloriam</strong></span> <span class='ocrx_word' id='word_1_158' title='bbox 369 1755 519 1810; x_wconf 86' lang='lat' dir='ltr'><strong>constantiae</strong></span> <span class='ocrx_word' id='word_1_159' title='bbox 540 1755 646 1824; x_wconf 88' lang='lat' dir='ltr'><strong>peteret.</strong></span> <span class='ocrx_word' id='word_1_160' title='bbox 682 1751 869 1824; x_wconf 85' lang='lat' dir='ltr'><strong>Audiebatque</strong></span> <span class='ocrx_word' id='word_1_161' title='bbox 888 1771 925 1808; x_wconf 88' lang='lat' dir='ltr'><strong>re·</strong></span> 
     </span>
     <span class='ocr_line' id='line_1_24' title="bbox 129 1828 927 1900; baseline -0.003 -14"><span class='ocrx_word' id='word_1_162' title='bbox 129 1829 248 1896; x_wconf 81' lang='lat' dir='ltr'><strong>lerentes,</strong></span> <span class='ocrx_word' id='word_1_163' title='bbox 270 1831 333 1884; x_wconf 91' lang='lat' dir='ltr'><strong>nihil</strong></span> <span class='ocrx_word' id='word_1_164' title='bbox 351 1830 383 1885; x_wconf 93' lang='lat' dir='ltr'><strong>de</strong></span> <span class='ocrx_word' id='word_1_165' title='bbox 401 1830 593 1886; x_wconf 89' lang='lat' dir='ltr'><strong>immortalitate</strong></span> <span class='ocrx_word' id='word_1_166' title='bbox 613 1828 703 1884; x_wconf 75' lang='lat' dir='ltr'><strong>anne</strong></span> <span class='ocrx_word' id='word_1_167' title='bbox 723 1832 751 1884; x_wconf 91' lang='lat' dir='ltr'><strong>et</strong></span> <span class='ocrx_word' id='word_1_168' title='bbox 771 1831 927 1900; x_wconf 84' lang='lat' dir='ltr'><strong>sapientium</strong></span> 
     </span>
     <span class='ocr_line' id='line_1_25' title="bbox 108 1905 927 1977; baseline 0 -15"><span class='ocrx_word' id='word_1_169' title='bbox 108 1906 236 1977; x_wconf 69' lang='lat' dir='ltr'><strong>apleeitis,</strong></span> <span class='ocrx_word' id='word_1_170' title='bbox 249 1907 296 1962; x_wconf 89' lang='lat' dir='ltr'><strong>sed</strong></span> <span class='ocrx_word' id='word_1_171' title='bbox 306 1907 372 1962; x_wconf 83' lang='lat' dir='ltr'><strong>levia</strong></span> <span class='ocrx_word' id='word_1_172' title='bbox 383 1908 495 1962; x_wconf 87' lang='lat' dir='ltr'><strong>carmina</strong></span> <span class='ocrx_word' id='word_1_173' title='bbox 506 1911 533 1962; x_wconf 92' lang='lat' dir='ltr'><strong>et</strong></span> <span class='ocrx_word' id='word_1_174' title='bbox 548 1905 635 1961; x_wconf 80' lang='lat' dir='ltr'><strong>faciles</strong></span> <span class='ocrx_word' id='word_1_175' title='bbox 652 1923 749 1960; x_wconf 82' lang='lat' dir='ltr'><strong>versus.</strong></span> <span class='ocrx_word' id='word_1_176' title='bbox 789 1907 927 1962; x_wconf 80' lang='lat' dir='ltr'><strong>Serromn</strong></span> 
     </span>
     <span class='ocr_line' id='line_1_26' title="bbox 130 1981 927 2055; baseline 0.001 -18"><span class='ocrx_word' id='word_1_177' title='bbox 130 1982 192 2038; x_wconf 85' lang='lat' dir='ltr'><strong>alios</strong></span> <span class='ocrx_word' id='word_1_178' title='bbox 204 1983 345 2054; x_wconf 81' lang='lat' dir='ltr'><strong>largitione,</strong></span> <span class='ocrx_word' id='word_1_179' title='bbox 359 1983 481 2054; x_wconf 87' lang='lat' dir='ltr'><strong>quosdam</strong></span> <span class='ocrx_word' id='word_1_180' title='bbox 492 1982 640 2038; x_wconf 85' lang='lat' dir='ltr'><strong>verberibus</strong></span> <span class='ocrx_word' id='word_1_181' title='bbox 656 1981 749 2037; x_wconf 78' lang='lat' dir='ltr'><strong>affecit.</strong></span> <span class='ocrx_word' id='word_1_182' title='bbox 787 1983 857 2038; x_wconf 88' lang='lat' dir='ltr'><strong>Iniit</strong></span> <span class='ocrx_word' id='word_1_183' title='bbox 869 2001 927 2055; x_wconf 87' lang='lat' dir='ltr'><strong>epu·</strong></span> 
     </span>
     <span class='ocr_line' id='line_1_27' title="bbox 129 2059 928 2130; baseline 0.001 -16"><span class='ocrx_word' id='word_1_184' title='bbox 129 2059 175 2124; x_wconf 88' lang='lat' dir='ltr'><strong>las,</strong></span> <span class='ocrx_word' id='word_1_185' title='bbox 194 2077 282 2114; x_wconf 90' lang='lat' dir='ltr'><strong>somno</strong></span> <span class='ocrx_word' id='word_1_186' title='bbox 300 2059 414 2124; x_wconf 87' lang='lat' dir='ltr'><strong>indulsit,</strong></span> <span class='ocrx_word' id='word_1_187' title='bbox 430 2064 460 2114; x_wconf 89' lang='lat' dir='ltr'><strong>ut</strong></span> <span class='ocrx_word' id='word_1_188' title='bbox 479 2077 620 2130; x_wconf 88' lang='lat' dir='ltr'><strong>quanquam</strong></span> <span class='ocrx_word' id='word_1_189' title='bbox 640 2061 729 2112; x_wconf 88' lang='lat' dir='ltr'><strong>coacta</strong></span> <span class='ocrx_word' id='word_1_190' title='bbox 744 2076 818 2114; x_wconf 88' lang='lat' dir='ltr'><strong>mors</strong></span> <span class='ocrx_word' id='word_1_191' title='bbox 837 2059 928 2114; x_wconf 83' lang='lat' dir='ltr'><strong>fortui-</strong></span> 
     </span>
     <span class='ocr_line' id='line_1_28' title="bbox 107 2134 927 2207; baseline -0.002 -15"><span class='ocrx_word' id='word_1_192' title='bbox 107 2142 163 2192; x_wconf 79' lang='lat' dir='ltr'><strong>tta</strong></span> <span class='ocrx_word' id='word_1_193' title='bbox 180 2135 268 2206; x_wconf 83' lang='lat' dir='ltr'><strong>similis</strong></span> <span class='ocrx_word' id='word_1_194' title='bbox 284 2141 360 2191; x_wconf 87' lang='lat' dir='ltr'><strong>esset.</strong></span> <span class='ocrx_word' id='word_1_195' title='bbox 397 2136 439 2192; x_wconf 94' lang='lat' dir='ltr'><strong>Ne</strong></span> <span class='ocrx_word' id='word_1_196' title='bbox 455 2136 576 2192; x_wconf 88' lang='lat' dir='ltr'><strong>codicillis</strong></span> <span class='ocrx_word' id='word_1_197' title='bbox 592 2134 694 2205; x_wconf 88' lang='lat' dir='ltr'><strong>quidem</strong></span> <span class='ocrx_word' id='word_1_198' title='bbox 711 2135 797 2205; x_wconf 85' lang='lat' dir='ltr'><strong>(quod</strong></span> <span class='ocrx_word' id='word_1_199' title='bbox 814 2136 927 2207; x_wconf 84' lang='lat' dir='ltr'><strong>plerique</strong></span> 
     </span>
     <span class='ocr_line' id='line_1_29' title="bbox 129 2211 927 2283; baseline 0.003 -17"><span class='ocrx_word' id='word_1_200' title='bbox 129 2214 311 2283; x_wconf 71' lang='lat' dir='ltr'><strong>pereuntium)</strong></span> <span class='ocrx_word' id='word_1_201' title='bbox 325 2213 456 2268; x_wconf 89' lang='lat' dir='ltr'><strong>Neronem</strong></span> <span class='ocrx_word' id='word_1_202' title='bbox 474 2217 518 2268; x_wconf 91' lang='lat' dir='ltr'><strong>ant</strong></span> <span class='ocrx_word' id='word_1_203' title='bbox 535 2211 686 2283; x_wconf 81' lang='lat' dir='ltr'><strong>Tigellinum</strong></span> <span class='ocrx_word' id='word_1_204' title='bbox 699 2214 746 2266; x_wconf 84' lang='lat' dir='ltr'><strong>aut</strong></span> <span class='ocrx_word' id='word_1_205' title='bbox 758 2229 840 2282; x_wconf 88' lang='lat' dir='ltr'><strong>quem</strong></span> <span class='ocrx_word' id='word_1_206' title='bbox 852 2213 927 2268; x_wconf 84' lang='lat' dir='ltr'><strong>alium</strong></span> 
     </span>
     <span class='ocr_line' id='line_1_30' title="bbox 129 2287 927 2360; baseline 0.006 -20"><span class='ocrx_word' id='word_1_207' title='bbox 129 2289 272 2356; x_wconf 89' lang='lat' dir='ltr'><strong>potentium</strong></span> <span class='ocrx_word' id='word_1_208' title='bbox 284 2289 403 2344; x_wconf 74' lang='lat' dir='ltr'><strong>adulatum</strong></span> <span class='ocrx_word' id='word_1_209' title='bbox 415 2293 470 2345; x_wconf 88' lang='lat' dir='ltr'><strong>est:</strong></span> <span class='ocrx_word' id='word_1_210' title='bbox 490 2289 535 2344; x_wconf 88' lang='lat' dir='ltr'><strong>sed</strong></span> <span class='ocrx_word' id='word_1_211' title='bbox 546 2289 644 2360; x_wconf 86' lang='lat' dir='ltr'><strong>flagitia</strong></span> <span class='ocrx_word' id='word_1_212' title='bbox 650 2288 773 2358; x_wconf 76' lang='lat' dir='ltr'><strong>principis</strong></span> <span class='ocrx_word' id='word_1_213' title='bbox 787 2287 927 2344; x_wconf 85' lang='lat' dir='ltr'><strong>subnomi-</strong></span> 
     </span>
     <span class='ocr_line' id='line_1_31' title="bbox 127 2361 927 2437; baseline 0.009 -24"><span class='ocrx_word' id='word_1_214' title='bbox 127 2361 203 2414; x_wconf 90' lang='lat' dir='ltr'><strong>nibus</strong></span> <span class='ocrx_word' id='word_1_215' title='bbox 221 2363 379 2417; x_wconf 87' lang='lat' dir='ltr'><strong>exoletorum</strong></span> <span class='ocrx_word' id='word_1_216' title='bbox 400 2365 601 2434; x_wconf 85' lang='lat' dir='ltr'><strong>feminarumque</strong></span> <span class='ocrx_word' id='word_1_217' title='bbox 618 2370 645 2418; x_wconf 90' lang='lat' dir='ltr'><strong>et</strong></span> <span class='ocrx_word' id='word_1_218' title='bbox 662 2364 781 2419; x_wconf 63' lang='lat' dir='ltr'><strong>noritme</strong></span> <span class='ocrx_word' id='word_1_219' title='bbox 801 2367 927 2437; x_wconf 87' lang='lat' dir='ltr'><strong>cujusque</strong></span> 
     </span>
     <span class='ocr_line' id='line_1_32' title="bbox 127 2436 927 2518; baseline 0.015 -33"><span class='ocrx_word' id='word_1_220' title='bbox 127 2436 210 2518; x_wconf 74' lang='lat' dir='ltr'><strong>stupri</strong></span> <span class='ocrx_word' id='word_1_221' title='bbox 221 2437 376 2504; x_wconf 82' lang='lat' dir='ltr'><strong>perscripsit,</strong></span> <span class='ocrx_word' id='word_1_222' title='bbox 391 2443 469 2509; x_wconf 82' lang='lat' dir='ltr'><strong>atque</strong></span> <span class='ocrx_word' id='word_1_223' title='bbox 481 2440 616 2511; x_wconf 85' lang='lat' dir='ltr'><strong>obsignata</strong></span> <span class='ocrx_word' id='word_1_224' title='bbox 632 2439 705 2494; x_wconf 84' lang='lat' dir='ltr'><strong>misit</strong></span> <span class='ocrx_word' id='word_1_225' title='bbox 720 2440 832 2496; x_wconf 82' lang='lat' dir='ltr'><strong>Neroni</strong></span> <span class='ocrx_word' id='word_1_226' title='bbox 870 2442 927 2496; x_wconf 75' lang='lat' dir='ltr'><strong>Ite</strong></span> 
     </span>
     <span class='ocr_line' id='line_1_33' title="bbox 126 2510 927 2591; baseline 0.016 -30"><span class='ocrx_word' id='word_1_227' title='bbox 126 2510 215 2591; x_wconf 78' lang='lat' dir='ltr'><strong>gitque</strong></span> <span class='ocrx_word' id='word_1_228' title='bbox 227 2510 355 2576; x_wconf 81' lang='lat' dir='ltr'><strong>annulum,</strong></span> <span class='ocrx_word' id='word_1_229' title='bbox 364 2529 397 2566; x_wconf 90' lang='lat' dir='ltr'><strong>ne</strong></span> <span class='ocrx_word' id='word_1_230' title='bbox 409 2533 470 2568; x_wconf 82' lang='lat' dir='ltr'><strong>mox</strong></span> <span class='ocrx_word' id='word_1_231' title='bbox 478 2517 538 2570; x_wconf 89' lang='lat' dir='ltr'><strong>usui</strong></span> <span class='ocrx_word' id='word_1_232' title='bbox 550 2520 618 2570; x_wconf 86' lang='lat' dir='ltr'><strong>esset</strong></span> <span class='ocrx_word' id='word_1_233' title='bbox 630 2515 663 2570; x_wconf 87' lang='lat' dir='ltr'><strong>ad</strong></span> <span class='ocrx_word' id='word_1_234' title='bbox 675 2516 795 2572; x_wconf 84' lang='lat' dir='ltr'><strong>facienda</strong></span> <span class='ocrx_word' id='word_1_235' title='bbox 806 2517 927 2588; x_wconf 73' lang='lat' dir='ltr'><strong>pericula.</strong></span> 
     </span>
     <span class='ocr_line' id='line_1_34' title="bbox 80 2578 928 2661; baseline 0.002 -14"><span class='ocrx_word' id='word_1_236' title='bbox 80 2581 118 2632; x_wconf 73' lang='lat'><strong>2⁰</strong></span> <span class='ocrx_word' id='word_1_237' title='bbox 125 2578 273 2661; x_wconf 79' lang='lat' dir='ltr'><strong>Ambigenti</strong></span> <span class='ocrx_word' id='word_1_238' title='bbox 290 2584 389 2638; x_wconf 75' lang='lat' dir='ltr'><strong>Neroni</strong></span> <span class='ocrx_word' id='word_1_239' title='bbox 407 2606 518 2656; x_wconf 89' lang='lat' dir='ltr'><strong>quonam</strong></span> <span class='ocrx_word' id='word_1_240' title='bbox 534 2592 611 2646; x_wconf 89' lang='lat' dir='ltr'><strong>modo</strong></span> <span class='ocrx_word' id='word_1_241' title='bbox 628 2593 744 2648; x_wconf 69' lang='lat' dir='ltr'><strong>nochum</strong></span> <span class='ocrx_word' id='word_1_242' title='bbox 761 2611 873 2649; x_wconf 80' lang='lat' dir='ltr'><strong>suarum</strong></span> <span class='ocrx_word' id='word_1_243' title='bbox 892 2594 928 2648; x_wconf 88' lang='lat' dir='ltr'><strong>iu·</strong></span> 
     </span>
     <span class='ocr_line' id='line_1_35' title="bbox 40 2657 929 2736; baseline 0.011 -22"><span class='ocrx_word' id='word_1_244' title='bbox 40 2687 87 2696; x_wconf 80' lang='lat'><strong>-—</strong></span> <span class='ocrx_word' id='word_1_245' title='bbox 123 2664 199 2711; x_wconf 58' lang='grc' dir='ltr'><strong>ΕΜ</strong></span> <span class='ocrx_word' id='word_1_246' title='bbox 214 2657 383 2730; x_wconf 62' lang='lat' dir='ltr'><strong>notescerent,</strong></span> <span class='ocrx_word' id='word_1_247' title='bbox 402 2663 511 2721; x_wconf 80' lang='lat' dir='ltr'><strong>offertur</strong></span> <span class='ocrx_word' id='word_1_248' title='bbox 529 2667 598 2736; x_wconf 63' lang='lat' dir='ltr'><strong>Silia</strong></span> <span class='ocrx_word' id='word_1_249' title='bbox 616 2669 781 2727; x_wconf 69' lang='lat' dir='ltr'><strong>matrimmio</strong></span> <span class='ocrx_word' id='word_1_250' title='bbox 801 2670 929 2728; x_wconf 72' lang='lat' dir='ltr'><strong>amatoria</strong></span> 
     </span>
    </p>
   </div>
   <div class='ocr_carea' id='block_1_4' title="bbox 0 0 972 2968">
    <p class='ocr_par' dir='ltr' id='par_1_4' title="bbox 0 0 972 2968">
     <span class='ocr_line' id='line_1_36' title="bbox 0 0 972 2968; baseline 0 0"><span class='ocrx_word' id='word_1_251' title='bbox 0 0 972 2968; x_wconf 95' lang='lat' dir='ltr'><strong> </strong></span> 
     </span>
    </p>
   </div>
  </div>
 </body>
</html>
