1866 2944
121 131 153 179 90
459 133 579 182 TACITI

753 195 793 242 [Α.
805 195 835 234 u.
845 193 868 231 e.
876 189 918 232 m

121 240 241 295 subsidiis
256 239 392 296 instructi:
412 241 471 298 hino
487 243 605 309 militurn,
618 242 677 298 inde
694 242 816 297 loeomm
835 239 923 312 esperi-

121 320 177 371 tas:
197 317 242 372 sed
261 335 312 371 non
331 319 437 384 unimus,
460 337 514 374 non
534 338 599 390 spes,
621 337 653 374 ue
672 319 727 372 tela
748 319 859 388 quidem
878 316 923 372 nisi

101 395 241 464 tagrestia,
264 394 297 448 ad
317 395 429 450 subitum
448 415 524 450 usum
542 399 684 466 properata.
721 395 762 449 Ut
783 413 881 450 venere
898 393 923 448 in

123 487 220 535 manus,
234 489 286 525 non
301 471 370 526 ultra
390 468 536 527 dubitatum
556 490 632 542 quum
653 471 714 525 dum
736 471 869 526 Romane
886 487 923 524 eo·

123 545 210 600 hortes
234 547 262 600 in
285 564 386 617 aequum
407 549 580 602 eniterentur:
599 551 704 602 vertunt
723 551 804 617 terga
826 548 921 610 Citieos

78 619 110 675 81
124 641 201 692 seque
222 623 325 676 castello
347 623 475 678 claudunt.
512 624 621 678 Interim
645 624 704 677 Piso
724 623 841 677 classem
860 620 922 676 haud

123 698 212 768 procul
235 699 407 768 opperientem
433 717 578 770 appugnnre
602 700 699 752 fmstra
725 700 862 765 tentavit3
887 715 922 752 re·

123 791 276 844 gressusque
294 779 321 828 et
338 793 385 845 pro
396 776 483 840 muris,
497 775 572 829 modo
585 778 664 829 semet
681 774 841 840 affliotundo,
854 771 921 828 modo

123 851 236 921 singulos
249 852 349 905 nomine
361 852 438 916 ciens,
451 852 560 922 praemiis
571 869 672 914 vocaus,
686 850 848 905 seditionem
864 865 920 919 ooep

123 926 210 992 tabut3
229 925 342 997 adeoque
354 930 532 991 commoveret,
545 929 576 981 ut
591 926 696 998 signifer
714 925 833 996 legionis
850 930 919 981 sextu

100 1002 224 1072 trignum
246 1001 278 1056 ad
298 1021 355 1056 eum
375 1003 544 1058 transtulerit.
580 1003 646 1057 num
671 1002 779 1056 Sentius
806 1017 918 1058 ooeanert

123 1095 218 1132 cornua
235 1078 369 1149 tubasque,
390 1083 416 1133 et
437 1080 491 1150 peti
510 1096 636 1150 aggerem,
656 1077 721 1148 erigi
737 1077 827 1133 scalas
842 1077 917 1149 jmdt

123 1170 153 1207 eo
170 1155 388 1224 promptissimum
403 1171 528 1225 quemque
544 1153 687 1217 sueoedere‚
705 1153 771 1207 ulios
788 1154 918 1209 tormenti

100 1229 217 1295 theutes,
228 1249 296 1294 saxa,
307 1234 333 1284 et
343 1231 411 1285 faees
423 1231 546 1302 ingerere.
582 1230 693 1284 Tandem
701 1230 775 1283 vieta
784 1229 918 1300 pertimet

123 1306 184 1360 Piso
196 1307 278 1360 oravit
290 1307 330 1361 uti
342 1307 443 1361 traditis
461 1307 537 1361 armis
553 1309 667 1360 maneret
684 1306 712 1359 in
728 1307 852 1372 castello,
867 1307 918 1361 dn

99 1381 217 1448 acaesar,
236 1383 278 1437 eni
297 1383 393 1453 Syriam
415 1383 582 1453 permitteret,
607 1381 757 1436 eonsulitur.
801 1384 866 1438 Nou
885 1397 918 1438 re·

123 1463 204 1528 septu
223 1458 388 1523 uenditiones,
404 1476 451 1513 nee
469 1458 539 1512 aliud
554 1476 631 1529 quam
647 1475 725 1512 naves
743 1461 775 1513 et
794 1457 916 1516 tutumin'

125 1534 213 1589 urbem
226 1535 276 1589 iter
288 1552 436 1590 conoessum
448 1538 496 1590 est.

77 1614 115 1666 82
158 1613 195 1666 At
207 1611 303 1676 Romae,
316 1615 451 1682 postquam
468 1611 612 1668 Germanici
629 1610 749 1666 valetudo
766 1611 916 1682 pererebudt

123 1691 272 1758 cunctaque,
291 1692 321 1742 ut
339 1705 371 1742 ex
389 1688 536 1759 longinquo,
555 1691 631 1742 aneta
647 1688 675 1741 in
692 1686 815 1744 deterius
834 1689 917 1744 edisse

100 1765 224 1829 2bantur,
249 1764 327 1830 dolor,
353 1765 398 1818 ira.
442 1765 477 1826 nt
501 1765 668 1834 erumpebant
691 1767 826 1834 questus:
863 1763 915 1819 Idu

123 1841 242 1895 nimirum
253 1841 281 1895 in
292 1844 418 1896 extremus
430 1845 513 1895 terras
525 1840 673 1912 relegatum,
686 1840 744 1894 ideo
758 1841 856 1897 Pisoni
872 1855 916 1912 pu·

123 1917 224 1971 missam
238 1917 409 1988 provinciam3
427 1917 476 1971 hoe
489 1917 571 1988 egisse
588 1920 700 1971 secretos
718 1917 856 1988 Auguste
870 1929 915 1972 ou

100 1995 244 2050 8Pluneina
261 2013 399 2050 sermones.
435 1995 505 2049 Vere
521 2011 627 2064 prorsus
645 1994 677 2048 de
698 1994 795 2049 Druso
816 1996 917 2051 senmrfl

122 2070 238 2126 locutos:
258 2072 391 2142 displicere
403 2070 570 2142 regnantibus
582 2070 666 2126 oirilia
682 2070 801 2126 liliorum
818 2069 917 2143 ingeni.

122 2165 204 2218 neque
216 2148 249 2203 ob
261 2148 330 2202 uliud
345 2149 501 2218 interseptae
519 2165 594 2218 quam
612 2147 672 2218 quia
687 2147 822 2217 populum
837 2150 916 2204 Rom·

122 2241 182 2278 num
196 2243 268 2295 aequo
277 2225 334 2296 jure
347 2224 487 2295 eompleeti,
500 2224 600 2279 reddita
611 2224 737 2289 libertate,
758 2223 914 2297 agitem

99 2299 180 2354 4Hos
191 2301 262 2371 vulgi
274 2319 401 2356 sermones
414 2301 501 2355 audita
512 2318 581 2354 mors
598 2299 660 2354 adeo
677 2300 811 2367 iuoendit,
824 2306 856 2357 ut
881 2324 883 2329 ·

122 2374 233 2427 edietum
245 2377 448 2445 magistratumn,
460 2382 519 2443 ante
531 2379 635 2430 senatus
647 2376 815 2443 eonsulturu,
833 2406 838 2425 2
850 2402 853 2425 t
866 2408 875 2423 u
888 2404 890 2415 ›
913 2421 915 2424 .

101 2445 221 2512 ejustitio
239 2449 416 2503 desererentur
436 2451 499 2515 fora,
520 2451 699 2505 clauderentur
720 2450 834 2510 domus.
868 2451 888 2507 P
