1936 2968
5 209 7 226 ,
223 171 420 220 ANNALIUM
437 172 492 221 XV.
511 174 614 221 21-25.
766 173 814 222 840

5 227 181 292 ¹annu]

39 277 95 332 solio
117 279 250 352 Capitolini
272 282 345 336 lovis
365 282 524 348 locarentur3
551 281 678 336 ludicrum
698 283 818 346 circense,

37 358 63 410 nt
79 355 152 412 Julise
171 358 243 428 genti
265 357 333 428 apud
357 358 477 422 Bovillas,
497 359 535 414 ita
558 357 670 414 Claudia
689 357 819 414 Domitiae-

34 449 81 501 'que
92 433 158 504 apud
168 435 275 489 Antium
287 435 412 491 ederetur.
450 437 516 496 Qua
528 436 598 490 fluxa
609 435 690 501 fuere,
700 440 844 507 quartuma

36 507 97 568 intra
119 529 230 566 mensem
253 510 376 567 defuncta
398 512 504 567 infante.
548 512 701 583 Rursusque
724 517 819 567 exortae

35 584 184 642 adulationes
196 589 353 644 sementim
362 589 484 644 honorem
493 588 559 644 diva
567 592 594 643 et
607 589 722 659 pulvinar
731 587 818 644 adem-

35 679 79 731 que
90 667 116 718 et
127 663 291 720 sacerdotem.
328 667 415 736 Atque
427 665 482 736 ipse
494 669 524 719 ut
535 664 639 730 latitia,
652 665 690 720 ita
706 664 843 721 mamrise

32 736 176 795 inmodicus
188 741 248 812 egil.
285 743 446 797 Annotatnm
458 746 506 807 est,
520 741 589 797 omni
602 747 693 797 senatu
711 742 818 797 Antium

32 815 76 880 sub
92 821 220 872 recentem
231 822 333 888 partum
350 818 438 884 elimo,
451 817 588 874 Thraseam
601 818 759 888 prohibitum
772 818 819 874 im·

32 896 96 947 moto
119 894 204 948 animo
227 894 396 966 praeunntiam
416 894 571 949 imminentis
595 893 670 949 cadis
690 899 818 950 contume

30 968 82 1025 bam
95 971 233 1043 excepisse.
271 973 390 1028 Secutum
403 971 494 1028 deldnc
506 990 594 1028 vocem
607 972 714 1028 Caesaris
723 973 842 1039 forante

30 1065 76 1116 qua
86 1048 277 1104 reconciliatum
289 1067 316 1105 se
328 1050 446 1104 Thraseae
458 1048 525 1121 apud
542 1049 661 1104 Senecam
676 1049 817 1120 jactaverit,

30 1140 56 1178 ac
67 1125 191 1181 Senecam
208 1126 303 1181 Caesari
319 1125 483 1198 gratulatum,
520 1123 597 1180 Unde
613 1125 694 1196 gloria
710 1126 818 1198 egregiis

29 1201 85 1256 viris
97 1206 124 1258 et
136 1201 251 1274 pericula
261 1202 410 1273 gliscebant.

29 1333 32 1340 ,
58 1278 131 1334 Inter
143 1279 286 1349 quaereris
298 1279 429 1350 principio,
442 1278 521 1350 legati
532 1278 687 1333 Parthorum
700 1277 819 1334 mandata
827 1285 864 1338 24

26 1355 90 1427 regis
102 1355 240 1427 Vologesis
251 1355 401 1426 litterasque
413 1356 440 1410 in
452 1354 555 1410 eandem
569 1355 675 1410 formam
689 1356 798 1411 attulere
811 1381 816 1410 ι

27 1433 155 1504 aspriora
172 1436 198 1487 et
215 1432 310 1487 totiens
333 1433 431 1504 jactata
449 1450 526 1503 super
545 1432 683 1487 obtinenda
698 1433 818 1488 maneria

26 1525 89 1566 nuno
101 1509 232 1577 omittere,
245 1509 363 1580 quoniam
375 1509 418 1574 dii,
432 1508 546 1578 quanvis
559 1509 702 1580 potentium
714 1509 817 1580 populo·

25 1603 78 1641 rum
96 1586 195 1652 arbitri,
214 1587 398 1658 possessionem
414 1585 519 1640 Parthis
535 1604 587 1640 non
605 1586 660 1640 sine
679 1585 819 1655 ignominia

24 1660 140 1718 Romana
151 1662 324 1719 tradidissent.
361 1663 453 1734 Nuper
469 1662 583 1717 clausum
596 1661 740 1732 Tigranem
758 1666 841 1731 posta

24 1737 123 1796 Paetum
141 1739 306 1811 legionesque
324 1758 382 1795 cnm
403 1738 545 1810 opprimere
564 1741 659 1808 posset,
679 1737 817 1792 incolumes

24 1814 168 1873 dimisisse:
197 1818 259 1873 satis
280 1815 444 1888 approbatam
462 1816 531 1880 vim;
559 1813 646 1869 datum
662 1817 689 1869 et
704 1813 817 1870 lenitatis

22 1894 233 2026 ppadperimpnlnm.
264 1893 326 2026 bigae
337 1898 515 1981 recusaturum
530 1890 816 2023 Tiridapepacoilpiendo
827 1899 841 1943 3

80 1989 162 2026 emar
182 1989 210 2026 m
232 1989 264 2024 ur
296 1989 322 2025 m
345 1987 439 2034 venare,
463 1987 514 2024 nass
537 1987 608 2023 sacer
625 1986 672 2022 on
695 1987 723 2024 re
742 1987 817 2040 grone

22 2049 184 2103 attinerelur.
221 2047 324 2102 Iturum
343 2045 374 2100 ad
391 2045 465 2117 signa
479 2049 506 2099 et
524 2045 619 2116 effigies
631 2044 760 2117 principis,
772 2046 817 2102 ubi

20 2123 165 2196 legionibus
177 2141 261 2179 coram
277 2142 385 2194 regnum
401 2121 583 2194 auspicaretur.
620 2121 723 2180 Talibus
740 2123 816 2179 Volo·
826 2123 863 2178 25
960 2167 961 2170 ¹

19 2202 87 2273 gosis
99 2199 204 2266 litteris,
213 2200 273 2270 quia
283 2200 371 2256 Paetus
381 2199 480 2256 diversa
488 2203 609 2270 tanquam
621 2200 697 2255 rebus
709 2200 817 2272 integris

19 2278 158 2342 scribebat,
172 2277 345 2348 interrogatus
360 2276 475 2332 centurio
495 2275 539 2347 qui
556 2293 614 2331 cum
630 2276 721 2348 legatis
742 2277 817 2332 adve-

18 2360 100 2422 nerat,
116 2372 168 2426 quc
180 2353 208 2408 in
217 2357 287 2408 statu
294 2353 416 2410 Armenia
427 2357 503 2418 esset,
517 2370 603 2408 omnes
615 2353 674 2408 inde
686 2355 816 2410 Romanos

15 2429 307 2502 excessisserespondit.
344 2429 721 2486 'llrmintelleetobarbarornm
730 2431 841 2495 irrisu,2

16 2510 62 2582 qni
78 2512 200 2581 peterent
217 2507 285 2578 quod
301 2507 452 2579 eripuerant,
467 2506 593 2561 consuluit
609 2507 677 2561 inter
692 2507 815 2578 primores

15 2585 134 2643 nuntia
146 2584 225 2650 Nero,
236 2583 329 2640 badum
342 2601 432 2655 anceps
445 2601 478 2638 an
489 2601 539 2653 pax
550 2583 685 2637 inhonesta
696 2582 813 2652 placeret.

16 2663 75 2722 Nee
97 2660 248 2717 dubitatum
269 2660 402 2716 debello:
430 2664 456 2715 et
479 2659 589 2714 Corbudo
608 2657 718 2710 militnm
737 2659 839 2724 atquae

15 2739 135 2801 hostium
147 2739 189 2794 tot
200 2755 246 2810 per
258 2755 338 2794 annos
345 2753 440 2808 marus
452 2733 569 2806 gerenda
577 2733 615 2786 rei
626 2729 814 2800 praedamnans
