1960 2952
33 157 51 194 A
68 155 86 194 D
103 155 148 202 M]
262 92 457 140 ANNALIUM
471 92 492 140 1.
506 92 607 140 15-19.
809 97 838 144 la

32 204 170 267 mstimari3
190 202 250 256 hinc
271 207 376 267 vestem,
397 221 474 270 arma,
493 202 611 266 tentoria,
633 201 692 256 hinc
713 201 837 257 sevitiam

32 280 215 334 centurionum
232 282 259 333 et
274 279 419 334 vacationes
434 296 568 333 munerum
586 276 685 332 redimi.
721 279 758 332 At
770 279 859 338 Her?

32 356 88 410 culo
121 355 229 409 verbera
255 358 282 408 et
311 355 424 418 vulnera,
451 354 540 409 duram
565 353 682 419 hiemem,
711 353 838 410 exercitas

32 435 145 495 aestates,
167 430 263 484 bellam
280 434 355 485 atrox
371 435 416 485 aut
434 430 547 485 sterilem
565 448 652 499 pacem
673 431 836 500 sempiterna.

32 507 90 561 Nec
102 507 173 560 aliud
185 506 357 560 levamentum
365 525 442 576 quam
454 507 476 560 si
488 506 564 561 certis
577 506 624 562 sub
637 505 736 578 legibus
748 505 859 564 militias

31 584 150 646 iniretur,
164 586 195 636 ut
208 582 322 653 singulos
335 583 452 637 denarios
465 587 600 647 mererent,
614 587 703 636 sextus
714 581 837 638 decumus

32 659 156 730 stipendii
181 677 262 713 annus
283 659 360 713 finem
381 659 508 724 adferret3
527 659 648 713 neultra
669 658 717 712 sub
738 658 837 713 vexillis

32 739 194 800 tenerentur,
209 733 254 789 sed
271 735 353 789 isdem
364 735 392 790 in
407 735 499 789 castris
514 736 648 804 praemium
665 733 774 804 pecunia
790 733 838 788 sol·

32 816 147 868 veretur.
184 812 228 864 An
246 811 378 881 praetorias
398 813 525 876 cohortes,
548 830 605 882 quaa
625 810 699 864 binos
721 810 859 866 denariostt

33 889 188 959 acceperint,
203 905 259 957 quac
271 891 331 957 post
344 887 453 942 sedecim
467 907 546 942 annos
558 886 695 959 penatibus
712 887 766 942 suis
782 887 837 942 red-

33 965 137 1028 dantur,
158 963 217 1034 plus
235 963 406 1032 periculorum
422 965 571 1035 susciperet
590 964 652 1019 Non
668 963 806 1020 obtrectari
823 972 877 1018 alo

33 1061 61 1098 se
73 1041 188 1094 urbanas
201 1039 336 1093 excubias:
356 1039 405 1095 sibi
416 1043 503 1096 tamen
515 1039 584 1112 apud
595 1039 711 1096 horridas
723 1045 814 1113 gentes
824 1059 838 1096 e

33 1115 211 1174 contuberniis
223 1115 324 1169 hostem
338 1116 424 1186 aspici.

68 1191 246 1262 Adstrepebat
264 1191 366 1262 vulgus,
386 1191 493 1248 diversis
511 1191 691 1260 incitamentis,
708 1193 736 1248 hi
752 1193 838 1250 verbe·
849 1195 884 1249 18

34 1289 93 1326 rum
106 1272 192 1332 notas,
206 1267 244 1322 illi
256 1267 382 1333 canitiem,
395 1268 498 1338 plurimi
514 1269 609 1325 detrita
625 1271 737 1342 tegmina
753 1275 780 1325 et
794 1291 839 1328 nu·

33 1347 93 1402 dum
108 1363 204 1415 corpus
217 1343 408 1414 exprobrantes.
444 1345 580 1400 Postremo
592 1365 622 1401 eo
638 1347 733 1402 furoris
748 1362 861 1406 venerer

32 1428 63 1478 ut
75 1427 132 1477 tres
145 1421 260 1492 legiones
272 1421 380 1477 miscere
392 1422 419 1477 in
436 1441 513 1478 unam
534 1424 695 1494 agitaverint.
731 1424 861 1496 Depuaia

33 1499 208 1565 aemulatione,
233 1497 294 1568 quia
317 1516 370 1552 snm
390 1498 499 1570 quisque
522 1498 617 1571 legioni
636 1518 695 1556 eum
718 1499 840 1556 honorem

9 1599 10 1602 ¹
33 1576 194 1648 quaerebant,
209 1573 258 1628 alio
270 1577 385 1640 vertunt,
399 1578 477 1645 atque
489 1595 541 1631 una
552 1581 606 1632 tres
618 1577 715 1648 aquilas
728 1580 754 1631 et
767 1577 841 1648 signa

33 1652 183 1708 cohortium
204 1651 298 1704 locant.
337 1651 419 1706 Simul
437 1657 580 1724 congerunt
595 1654 719 1724 cespites,
739 1656 863 1711 eastra-4

33 1733 82 1784 unt
100 1727 224 1792 tribunal,
245 1744 295 1798 quo
314 1727 396 1796 magis
416 1729 553 1800 conspicua
572 1729 645 1784 sedes
666 1729 740 1782 foret.
777 1727 863 1782 Pro-6

34 1805 188 1876 perentibus
199 1803 300 1858 Blaesus
319 1804 430 1870 advenit,
447 1805 646 1877 increpabatque
664 1822 694 1859 ao
712 1803 839 1860 retinebat

35 1881 160 1954 singulos,
176 1879 318 1948 clamitans,
329 1881 416 1936 “Mea
427 1881 513 1953 potius
527 1881 595 1937 crede
607 1881 714 1936 imbuite
730 1899 837 1936 manus:

35 1957 132 2013 leviore
143 1957 243 2028 flagitio
255 1957 370 2028 legatum
381 1958 540 2013 interficietis
554 1977 629 2028 quam
642 1958 673 2013 ab
686 1958 838 2029 imperatore

36 2033 189 2089 desciscitis.
226 2035 282 2087 Aut
305 2033 441 2089 incolumis
464 2035 541 2090 tidem
560 2034 691 2105 legionum
714 2034 864 2100 retinebat

37 2114 82 2166 ant
91 2110 231 2182 jugulatus
243 2110 417 2181 paenitentiam
431 2111 602 2167 eccelerabo.'’

70 2184 257 2258 Aggerebabur
267 2185 347 2241 nihilo
359 2186 444 2242 minus
459 2207 563 2259 cespes,
575 2188 678 2258 jamque
690 2187 788 2258 pectori
799 2205 840 2242 us·
851 2187 887 2242 19

37 2281 87 2333 qne
100 2262 258 2326 adoraverat,
278 2280 337 2317 cum
353 2262 458 2318 tandem
475 2264 617 2335 pervicacia
632 2263 695 2318 victi
709 2263 841 2333 inceptum

37 2340 154 2394 omisere.
192 2337 293 2393 Blaesus
304 2339 387 2393 molta
396 2339 496 2394 dicendi
505 2344 568 2406 arte,
576 2359 628 2394 non
637 2358 682 2410 per
690 2339 865 2394 seditionem

37 2418 64 2470 ct
84 2414 178 2470 turbas
199 2414 324 2470 desideria
344 2415 455 2469 militum
476 2415 509 2470 ad
530 2417 658 2470 Caesarem
674 2415 779 2470 ferenda
796 2414 840 2479 ait,

37 2510 122 2562 neque
140 2494 242 2547 veteres
261 2490 292 2546 ab
312 2491 508 2563 imperatoribus
523 2492 621 2562 priscis,
641 2507 724 2558 neque
741 2489 810 2556 ipsos
827 2504 843 2538 a

38 2567 97 2624 divo
105 2570 237 2639 Augusto,
250 2571 305 2621 tam
313 2585 380 2622 nova
391 2567 512 2637 petivisse
522 2589 530 2632 ;
549 2571 575 2620 ct
587 2582 678 2633 parum
689 2564 718 2615 in
728 2565 843 2626 tempore

37 2644 193 2717 incipientes
205 2644 331 2716 principis
344 2661 418 2698 ouras
430 2641 539 2696 onerari.
576 2639 604 2693 Si
615 2631 868 2691 tamentenderenta
