1960 2952
133 162 164 209 10
471 151 592 201 TACITI

767 215 804 264 [s.
816 215 846 255 ιι.
855 216 877 254 c.
888 213 933 257 rer.

131 259 207 315 vultu
223 259 387 316 offensionem
401 263 609 333 conjectarent)
622 279 674 318 non
687 262 781 318 ideirco
793 265 934 336 interroga-

131 339 189 391 tum
201 336 237 390 ait
249 340 280 391 ut
292 336 416 393 divideret
428 357 486 410 qnae
497 339 610 410 seperari
620 338 765 409 nequirent,
779 340 826 395 sed
841 344 873 395 ut
888 359 935 394 sua

132 412 291 468 confessione
309 421 460 485 argueretur
478 434 559 470 unum
576 433 633 472 esse
654 415 819 486 reipublicae
841 435 934 487 corpus

111 492 211 558 eatque
222 490 298 544 unius
311 491 394 545 animo
410 491 558 561 regendum.
593 490 702 546 Addidit
718 492 819 547 landem
831 492 864 548 de
883 494 935 547 Au·

134 568 218 635 gusto,
230 565 410 638 Tiberiumque
424 569 509 638 ipsum
524 569 690 624 victoriarum
702 586 813 634 suarum,
827 586 936 640 quaeque

111 641 161 696 ein
172 645 234 712 toga
245 660 291 713 per
305 646 346 697 tot
362 661 441 698 annos
454 644 557 715 egregie
573 644 685 709 fecisset,
700 644 840 700 admonuit.
878 645 935 700 Nec

133 717 191 772 ideo
202 720 266 772 iram
284 719 339 790 ejus
355 719 452 785 lenivit,
466 720 565 791 pridem
578 721 684 786 invisus,
697 726 829 791 tamquam
849 721 937 787 (ducta

134 795 161 849 in
173 794 363 850 matrimonium
374 796 499 866 Vipsania
516 797 554 851 M.
568 797 691 868 Agrippae
706 797 764 862 filia,
783 815 840 867 quae
858 815 936 868 quon-

135 870 193 925 dam
200 871 295 927 Tiberii
307 890 372 926 uxor
383 871 488 942 fuerat)
498 873 556 944 pius
569 891 645 943 quarn
657 873 741 928 civilia
751 873 871 945 agitaret,
879 873 937 928 Pol·

134 947 261 1017 lionisque
273 948 357 1002 Asinii
368 949 449 1019 patris
462 949 581 1004 ferociam
593 949 724 1004 retineret.

93 1031 129 1084 13
171 1024 309 1091 Postque
328 1024 360 1079 L.
373 1025 513 1080 Arruntius
533 1024 603 1080 haud
622 1025 733 1080 multum
749 1024 902 1096 discrepans
924 1043 939 1080 a

137 1099 204 1153 Galli
215 1101 328 1154 oratione
340 1100 445 1170 perinde
461 1101 575 1166 offendit,
589 1118 741 1173 quamquam
753 1101 856 1156 'Itberio
868 1101 939 1156 nulla

136 1180 212 1231 vetus
228 1177 255 1231 in
271 1179 424 1232 Arruntium
441 1179 496 1234 ira:
516 1178 562 1233 sed
577 1178 691 1243 divitem,
708 1183 864 1249 promptum,
879 1179 939 1233 arti·

115 1252 185 1308 2bus
197 1253 306 1325 egregiis
318 1257 345 1308 et
357 1255 413 1324 pari
423 1254 492 1309 sarna
502 1255 611 1326 publice,
624 1254 797 1324 suspectabat.
834 1255 940 1326 Quippe

136 1330 272 1399 Augustus
287 1331 412 1400 supremis
430 1330 589 1386 sermonibus
607 1348 666 1386 curn
684 1334 816 1398 tractaret,
836 1331 941 1401 quinam

138 1405 244 1476 adipisci
261 1407 399 1477 prinoipem
417 1407 503 1462 locum
520 1407 653 1462 suffecturi
671 1406 820 1472 abnuerent,
834 1411 881 1462 aut
896 1409 941 1462 im·

137 1500 211 1552 pares
229 1482 331 1548 veilent,
350 1483 475 1540 relidam
493 1486 598 1554 possent
617 1487 798 1554 cuperentque,
812 1484 851 1538 M.
865 1483 942 1554 Lepi·

138 1558 200 1613 dum
221 1557 319 1614 dixerat
340 1577 458 1630 capacem
479 1559 525 1614 sed
545 1563 733 1630 aspernantem,
757 1559 859 1614 Galum
884 1560 942 1614 Asi·

137 1635 209 1690 nium
222 1634 324 1690 avidum
340 1638 366 1690 et
380 1636 513 1702 minorem,
526 1636 558 1690 Ir.
571 1635 726 1690 Arruntium
740 1653 792 1690 non
807 1634 943 1706 indignum

117 1712 210 1777 aeusi
225 1730 299 1768 casus
316 1711 428 1778 daretur,
445 1731 575 1768 ausurum.
614 1712 655 1766 De
671 1711 799 1782 prioribus
815 1712 944 1766 consenti·

138 1791 190 1854 tur,
203 1807 250 1859 pro
265 1789 390 1844 Arruntio
407 1787 509 1859 quidam
527 1789 574 1842 On
587 1787 709 1842 Pisonem
724 1786 871 1852 tradidere;
891 1806 943 1842 om·

139 1883 242 1935 nesque,
253 1869 345 1935 praeter
356 1864 491 1936 Lepidum,
501 1862 578 1920 variis
590 1881 651 1918 mox
660 1863 815 1928 criminibus,
825 1867 944 1919 struente

116 1941 248 2005 4'Iiberio,
268 1941 434 1996 circumventi
450 1944 519 1996 aunt.
556 1940 643 1994 Etiam
660 1940 693 1999 Q.
708 1939 833 1995 Haterius
845 1943 874 1994 et
886 1941 944 1994 Ma-

140 2034 241 2071 mercus
261 2017 371 2072 Scaurus
390 2018 546 2087 suspicacem
564 2016 677 2070 animum
695 2015 875 2087 perstrinxere,
889 2017 945 2071 Ha-

139 2093 220 2148 terius
245 2111 305 2149 eum
324 2093 439 2159 dixisset,
459 2094 625 2164 “Quousque
646 2093 758 2164 patieris,
779 2091 873 2156 Cesar,
892 2111 946 2148 non

140 2169 228 2225 adesse
240 2174 318 2241 caput
329 2171 368 2225 rei
379 2170 532 2242 publicet'',
553 2171 664 2226 Scaurus
677 2169 737 2239 quia
754 2168 854 2224 dixerat
872 2187 945 2239 spem

140 2265 196 2301 esse
207 2265 240 2303 ex
252 2265 282 2302 eo
291 2265 344 2302 non
355 2247 441 2302 irritas
456 2246 513 2302 fore
525 2250 629 2302 senatus
639 2263 735 2316 preces,
747 2244 815 2316 quod
826 2244 946 2302 relationi

140 2323 273 2379 consulum
298 2323 357 2394 jure
380 2323 523 2379 tribunicia
549 2322 686 2393 potestatis
710 2339 762 2377 non
784 2321 945 2376 intercessis-

118 2403 188 2454 tset.
224 2401 258 2454 In
273 2401 411 2455 Haterium
428 2401 519 2454 statim
534 2400 653 2454 invectus
668 2402 726 2454 est:
753 2398 886 2462 Scaurum,
904 2396 946 2454 eui

119 2475 514 2548 dimplacabiliusirascebatur,
539 2475 641 2530 silentio
669 2474 791 2532 tramisit.
838 2473 945 2530 Fessus·

141 2569 191 2622 que
203 2552 312 2606 clamore
329 2553 449 2617 omniurn,
469 2552 674 2623 expostulatione
692 2551 853 2623 singulorum
871 2551 943 2606 flexit

142 2627 272 2696 perstatim,
286 2646 338 2681 non
350 2632 380 2682 ut
392 2628 517 2683 fateretur
526 2629 622 2699 suscipi
634 2647 649 2683 a
661 2648 689 2684 se
700 2629 843 2700 imperium,
858 2627 905 2682 sed
916 2629 945 2684 ut

119 2715 236 2774 qnegare
256 2708 284 2758 et
305 2704 391 2775 rogari
414 2704 550 2760 desineret.
587 2706 698 2762 Constat
722 2705 869 2771 Haterium,
889 2721 946 2760 cnm
