1960 2952
263 151 267 158 .
309 106 507 155 ANNALIUM
525 109 545 156 1.
565 111 636 158 2-4.
847 112 863 158 8

63 182 89 218 s.
100 179 126 218 1.
137 178 183 228 rs]

62 242 132 289 tatu
170 236 242 288 Nam
265 253 354 288 senem
377 238 528 303 Augustum
551 235 707 290 devinxerat
730 235 804 302 adeo,
821 235 888 290 ulit

6 345 7 353 1
62 318 191 380 nepotem
213 311 330 377 unicum,
352 313 498 380 Agrippam
516 312 680 377 Postumum,
698 313 727 364 111
748 311 864 365 insulam

64 386 221 440 Planasiam
231 389 376 455 projiceret,
388 389 481 440 rudem
498 404 559 440 sane
577 388 706 440 bonarum
721 388 819 440 11111111
836 393 864 441 et

61 463 157 516 robore
170 463 285 530 eorporis
303 464 397 516 stolide
412 464 534 528 ferocem,
547 464 648 516 nullius
660 471 750 517 tamen
764 463 862 532 flagitii

64 545 238 607 oomportum
274 540 310 592 At
330 539 445 592 Hercule
462 540 647 592 Germanicum
668 539 754 592 Druso
772 545 887 600 ortums

65 621 125 666 octo
133 613 207 682 apud
222 613 344 666 Rhenum
356 614 503 681 legionibus
514 615 647 680 imposuit,
657 615 804 682 adscirique
817 632 864 684 per

64 689 238 758 adoptionem
249 707 266 742 a
278 689 380 742 'liberio
389 691 478 758 jussit,
490 707 651 758 quamquam
664 697 732 742 esset
744 691 773 742 in
786 690 864 744 domo

48 765 167 816 'Tiberii
184 764 254 816 filius
267 765 393 832 juvenis;
418 766 463 818 sed
482 782 534 833 quo
555 764 676 833 pluribus
692 765 864 818 munimentis

36 865 38 868 ·
64 840 210 892 insisteret.
246 839 352 892 Bellum
371 857 402 892 ea
419 847 577 909 tempestate
592 839 698 892 nullum
710 841 762 891 nisi
773 840 888 892 adver-t

6 965 10 976 ,
66 933 111 967 sus
129 916 273 968 Germanos
292 921 434 983 supererat,
447 917 582 969 ebolendro
600 917 685 983 magis
701 915 818 968 infamiae
830 915 864 969 ob

65 991 195 1043 emissum
203 1009 265 1043 oum
275 991 404 1054 Quintilio
413 993 484 1044 Varo
493 993 638 1045 exereitum
647 1009 728 1060 quam
738 991 864 1061 cupidine

6 1119 7 1124 ,
64 1066 217 1134 proferendi
234 1067 339 1135 imperii
355 1073 403 1120 aut
419 1069 531 1136 dignum
544 1066 577 1120 ob
594 1068 740 1136 praemium
785 1067 888 1120 Domil

64 1160 107 1194 res
124 1143 285 1210 tranqtullae,
303 1143 394 1196 eadem
409 1145 615 1211 magistratuum
631 1143 776 1206 vocobu1a3
790 1144 864 1212 juni·

65 1235 124 1270 ores
147 1223 208 1286 post
232 1218 368 1271 Actiacam
390 1219 536 1282 victoriam,
557 1219 638 1271 etiam
656 1236 728 1272 senes
746 1219 865 1287 plerique

64 1295 138 1346 inter
157 1293 228 1346 bella
245 1295 345 1346 civium
362 1295 436 1347 uati:
454 1295 664 1364 quotusquisque
681 1295 799 1363 reliquus
816 1294 864 1364 qui

64 1385 122 1422 rem
134 1369 272 1437 publicam
284 1370 394 1422 vidisset
405 1369 415 1422 1

103 1445 193 1512 igitur
205 1459 278 1497 verso
297 1445 414 1498 civitatis
432 1450 505 1498 statu
522 1445 590 1498 nihil
608 1463 721 1514 usquam
738 1446 818 1514 prisci
835 1447 891 1500 114

65 1521 167 1588 integri
177 1521 257 1572 moris
267 1539 273 1572 :
291 1537 381 1574 omnes
393 1527 475 1574 exuta
487 1523 640 1590 aequalitate
649 1525 724 1590 jussa
736 1521 862 1590 principis
870 1543 926 1606 332

6 1645 7 1648 ,
65 1602 202 1664 aspectare
213 1615 220 1658 ;
237 1597 312 1648 nulla
327 1598 356 1648 in
368 1613 481 1664 praesens
489 1598 635 1664 formidine,
648 1598 713 1650 dum
726 1598 862 1664 Augustus
870 1613 913 1672 ἦν·

65 1678 148 1724 aetate
160 1671 265 1724 validus
282 1689 361 1740 seque
378 1678 404 1724 et
421 1674 529 1726 domum
545 1679 573 1726 et
588 1689 681 1741 paoem
693 1673 861 1725 sustentavit

65 1749 213 1814 Postquam
224 1753 348 1814 provecta
354 1749 412 1815 jam
424 1753 544 1800 senectus
558 1765 628 1814 aegro
641 1754 668 1799 et
682 1763 788 1814 corpore
799 1747 888 1799 fati-a

7 1875 8 1878 ,
65 1823 189 1891 gebatur,
199 1823 341 1890 aderatque
351 1823 411 1874 linis
421 1829 448 1876 et
458 1839 516 1891 spes
525 1839 608 1888 111111,
617 1821 696 1890 pauci
708 1821 777 1875 bona
786 1821 863 1875 liber·

66 1901 131 1951 tatis
148 1899 280 1950 ineassum
297 1899 429 1964 disserere,
442 1899 531 1967 plures
547 1899 648 1951 bellum
660 1915 805 1967 pavescere,
816 1899 863 1952 alii

65 1991 169 2042 cupere,
187 1973 252 2026 Pars
259 1973 344 2026 multo
355 1975 472 2026 maxima
479 1975 646 2028 imminentes
654 1975 773 2027 dominos
782 1975 888 2028 variist

66 2050 216 2104 rumoribus
229 2049 393 2115 differebant,
404 2055 507 2104 trucem
520 2051 665 2122 Agrippam
680 2055 708 2104 et
718 2051 864 2118 ignominia

64 2143 208 2180 aeoensum
220 2142 276 2177 non
294 2130 374 2178 aetate
391 2141 477 2194 neque
494 2142 583 2179 rerum
600 2126 763 2195 experientia
781 2131 863 2178 tantae

64 2202 130 2256 moli
142 2218 240 2270 parem,
253 2201 388 2254 'liberium
399 2201 530 2254 Neronem
545 2207 681 2255 maturum
694 2201 778 2266 annis,
791 2217 864 2268 epea
939 2264 941 2270 Ι

63 2284 155 2331 tatum
171 2277 248 2343 bello,
262 2279 307 2329 sed
323 2283 411 2330 vetere
427 2283 508 2345 atque
523 2278 605 2330 insite
619 2277 737 2330 Olaudiae
752 2276 861 2328 familia

64 2353 211 2423 superbia3
228 2355 366 2422 multaque
378 2353 478 2406 indicia
499 2354 615 2419 sevitiae,
627 2367 789 2422 quamquem
805 2367 864 2419 pre-

64 2437 181 2496 mantur,
195 2447 337 2498 erumpere.
374 2429 454 2482 Hune
468 2434 496 2482 et
512 2429 599 2497 prima
610 2429 644 2481 ab
660 2427 775 2480 infantia
786 2427 888 2484 edus-4

62 2513 125 2559 tum
137 2508 166 2558 in
179 2507 256 2558 domo
268 2506 433 2572 regnatrice3
451 2511 587 2574 congestos
599 2503 693 2570 juveni
705 2499 864 2560 consulatus,

64 2583 216 2650 triumphos
227 2601 234 2646 ;
251 2599 285 2634 ne
297 2582 329 2632 iis
341 2581 450 2648 quidem
467 2579 544 2630 annis
561 2575 658 2643 quibus
670 2571 766 2630 Rhodi,
773 2569 865 2652 'specie

63 2677 190 2723 secessus,
203 2659 311 2711 exulem
323 2657 414 2724 egerit,
427 2652 530 2720 aliquid
546 2663 627 2717 quam
643 2649 710 2697 irum
721 2648 749 2692 11
759 2638 866 2688 111111111-
936 2705 958 2720 Δ
