1936 2968
133 133 181 188 850'
465 139 584 188 TACITI
767 194 936 246 amm

132 250 205 322 cnjus
227 247 330 303 alterius
351 248 454 304 inscitia
474 269 576 306 rursum
599 252 757 320 peccaretur,
777 247 842 318 quia
866 247 938 302 Preti

110 328 256 398 ⁴tpiguerst
293 325 379 396 Igitur
396 327 463 381 irriti
479 328 653 391 remittuntur,
667 344 725 380 cum
744 325 821 379 donis
835 328 936 389 tumen,

132 403 199 458 unde
212 420 269 472 spes
281 402 354 457 lieret
366 421 420 456 non
431 404 527 458 inistre
544 403 632 458 eadem
644 406 775 457 oraturum
789 401 937 468 Tiridaten,

111 481 154 537 esi
175 497 262 550 preces
281 479 336 550 ipse
357 480 494 535 attulisset.
531 481 661 552 Spriaeque
682 478 803 534 executio
825 478 857 533 G.
871 478 936 542 Itio,

133 557 211 628 copiae
224 555 347 610 militares
362 556 500 612 Corbuloni
517 558 663 628 permissee3
682 560 709 611 et
723 556 818 626 quinte
835 556 938 610 decima

132 633 199 703 legio
222 631 331 687 ducente
354 632 440 687 Mario
464 633 538 689 Celso
562 651 577 688 e
599 633 733 688 Pannonia
756 631 861 702 adjecta
886 637 936 687 est.

111 708 259 764 GScribitur
270 709 405 764 tetrarchis
418 727 448 764 ac
462 711 565 782 regibus
577 710 756 781 prefectisque
771 713 801 763 et
813 727 937 780 procura·

133 786 240 850 toribus,
257 789 284 840 et
300 785 345 856 qui
358 789 496 856 praetorum
508 787 628 841 finitimae
640 785 784 856 provincias
798 785 936 857 regebant,

131 862 210 933 jussis
231 861 383 917 Corbulonis
403 863 525 933 obsequi3
552 863 580 918 in
597 866 700 917 tantum
718 862 804 917 ferme
828 863 938 917 modum

133 943 209 993 aucta
222 943 357 1008 potestate,
375 957 451 1009 quern
468 939 576 1010 populus
595 939 727 994 Romanus
744 939 795 993 Cu.
809 939 938 1010 Pompeio

21 1085 23 1090 ι
113 1014 226 1069 ibellum
234 1015 374 1069 Piruticum
386 1014 615 1086 gesturcdederat.
651 1017 814 1087 Regressum
823 1017 937 1082 Paetum,

133 1109 192 1145 cum
212 1091 329 1163 graviora
346 1097 480 1157 metueret,
496 1092 594 1146 facetiis
613 1092 734 1147 insectari
754 1093 821 1146 satis
844 1093 938 1148 babuit

134 1166 226 1233 Cesar,
245 1168 285 1222 his
303 1167 383 1222 ferme
401 1168 492 1233 verbis,
511 1169 642 1239 ignoscere
660 1187 688 1223 se
706 1168 808 1236 statim,
826 1187 862 1224 ne
884 1175 939 1224 taut

134 1247 266 1314 promptus
278 1243 307 1298 in
318 1261 437 1315 pavorem
455 1245 569 1315 longiore
585 1245 756 1300 sollicitudine
768 1251 937 1317 aegresceret.

89 1321 126 1380 26
133 1322 170 1374 At
183 1320 292 1375 Corbulo
304 1323 396 1390 quarte
410 1324 438 1375 et
450 1320 597 1376 duodecima
610 1321 760 1394 legionibus
776 1341 837 1392 que
849 1323 939 1378 fortis-

134 1397 198 1452 simo
211 1414 311 1468 quoque
326 1397 418 1450 amisso
434 1400 461 1452 et
473 1399 565 1452 ceteris
584 1399 713 1453 exterritis
730 1416 825 1469 parrum
837 1399 937 1456 habiles

134 1473 220 1544 praelio
235 1473 394 1539 videbantur,
407 1474 435 1528 in
448 1475 546 1546 Syriam
561 1475 698 1541 translatis,
713 1480 818 1530 sextam
829 1477 893 1532 inde
908 1495 938 1532 ec

134 1551 236 1606 tertiam
250 1551 372 1619 legiones,
387 1551 517 1622 integrum
534 1552 639 1607 militem
655 1557 681 1606 et
695 1552 796 1608 crebris
815 1571 848 1609 ac
865 1572 939 1630 pros·

114 1629 202 1698 2peris
215 1627 342 1683 laboribus
360 1628 509 1693 exercitum,
521 1629 549 1684 in
567 1630 714 1684 Armeniam
733 1629 818 1684 ducit.
857 1631 939 1686 Addi-

135 1705 224 1776 ditque
236 1705 362 1774 legionem
374 1705 496 1774 quintam,
507 1724 563 1777 quae
575 1725 620 1778 per
626 1706 741 1760 Pontum
751 1724 836 1778 agens
846 1727 939 1780 expers

135 1781 213 1836 cladis
224 1781 316 1846 fuerat,
328 1781 402 1835 simul
414 1782 646 1853 quintadecimanos
655 1801 745 1838 reeens
757 1783 901 1852 adductos,
913 1791 939 1841 et

134 1859 226 1912 vexilla
251 1859 408 1914 delectorum
431 1877 464 1914 ex
487 1859 589 1932 Illyrico
613 1864 640 1914 et
662 1861 791 1932 AEgypto,
818 1863 939 1934 quodque

135 1935 231 1989 alarum
248 1935 448 2006 cohortiumque,
464 1939 490 1991 et
508 1937 602 1991 auxilie
619 1955 710 2008 regum
727 1937 755 1992 iu
775 1957 864 1994 unum
882 1958 940 1996 cou-

135 2010 213 2066 ducta
231 2012 298 2083 apud
314 2012 462 2078 Melitenen,
476 2031 527 2084 qus
540 2013 683 2069 tramittere
694 2014 858 2085 Euphraten
869 2034 938 2088 pern·

113 2087 187 2142 chat.
217 2089 283 2144 Tum
292 2090 430 2144 lustratum
438 2091 488 2145 rite
497 2092 634 2146 exercitum
646 2090 678 2144 ad
686 2091 845 2148 concionem
856 2099 936 2158 vocet,

136 2164 284 2236 orditurque
296 2167 429 2238 magnifica
440 2166 471 2221 de
486 2167 604 2239 auspiciis
617 2168 793 2238 imperatoriis
810 2171 938 2241 rebusque

136 2258 190 2296 ase
203 2243 291 2312 gestis,
311 2242 417 2298 adverse
433 2243 461 2297 in
478 2244 604 2298 insciticm
621 2243 686 2298 Paeti
699 2243 846 2312 declinans,
860 2247 938 2302 multa

91 2318 295 2382 27auctoritste,
307 2337 363 2387 quse
379 2320 434 2374 vino
448 2320 552 2374 militari
567 2338 613 2391 pro
629 2319 750 2374 facundia
769 2328 838 2377 erat.
876 2324 939 2379 Mox

134 2389 185 2442 iter
201 2391 232 2444 L.
246 2392 354 2446 Lucullo
372 2395 499 2464 quondam
517 2400 685 2466 penetratum,
702 2399 805 2467 apertis
822 2419 883 2471 quae
897 2417 938 2454 re·

134 2466 217 2548 tustas
230 2464 392 2535 obsaepserat,
403 2472 497 2540 pergit.
534 2473 570 2526 Et
581 2472 713 2526 venientes
721 2473 853 2532 Tiridatis
864 2475 939 2530 Volo

132 2551 251 2620 gemeque
263 2537 295 2590 de
310 2556 372 2606 pace
388 2543 487 2612 legatos
505 2546 575 2601 haud
591 2553 751 2618 aspernatus,
774 2551 897 2623 adjungit
906 2552 940 2606 iis

132 2611 293 2663 centuriones
311 2629 370 2666 cum
390 2619 518 2674 mandatis
539 2639 592 2677 non
610 2625 775 2681 immitibus:
801 2647 854 2684 nec
874 2629 941 2683 enim

132 2674 214 2730 adbuc
234 2698 264 2732 eo
285 2689 391 2740 ventum
412 2695 442 2744 ut
464 2698 603 2754 certamine
624 2705 742 2756 extremo
768 2721 839 2775 opus
863 2709 939 2760 esset.
