1960 2952
126 129 141 176 Β
461 123 582 174 TACITI

759 183 924 245 [auctor.
977 201 979 206 ·

124 232 162 288 rei
179 232 286 304 publica
303 232 421 289 obtentui
438 239 555 306 sumpta:
576 237 687 291 ceterum
707 233 825 304 cupidine
843 234 926 288 domi·

123 310 202 364 nandi
220 310 332 364 concitos
350 329 395 380 per
413 311 573 382 largitionem
590 315 732 376 veteranos,
751 313 870 381 paratum
891 311 926 366 ab

125 387 284 442 adolescente
304 387 403 457 privato
427 389 576 454 exercitum,
598 391 730 458 corruptas
754 387 866 442 consulis
889 387 927 441 le·

125 463 221 534 giones,
232 463 375 517 simulatam
384 464 594 535 Pompeianam
606 465 715 536 gratiam
723 464 849 534 partium
863 481 927 518 mox

124 539 170 594 ubi
182 539 283 594 decreto
295 545 397 610 patrum
411 541 492 596 fasces
505 545 531 595 et
541 541 583 612 jus
602 541 717 611 praetoris
733 539 863 604 invaserit,
877 558 927 595 cae·

125 615 160 670 sis
173 616 261 670 Hirtio
274 620 300 670 et
312 618 403 682 Pansa,
418 617 480 684 (sire
498 617 580 672 hostis
592 617 656 681 illos,
670 635 716 671 seu
727 617 837 670 Pansam
848 635 927 671 vene·
978 619 979 662 ἶ

124 709 187 746 num
202 693 299 747 vulneri
313 693 438 758 adfusum,
452 693 492 748 sui
509 693 603 747 milites
620 693 738 747 Hirtium
753 696 780 746 et
798 693 927 748 machina-
977 717 979 746 J

125 771 167 823 tor
174 768 225 824 doli
234 769 320 824 Caesar
331 769 492 840 abstulerat)
502 769 637 840 utriusque
646 769 731 839 copias
744 769 909 838 occupavisse
919 788 927 834 ;

125 849 255 900 extortum
275 845 356 901 invito
377 848 469 901 senatu
490 846 657 910 consulatum,
680 863 799 915 armaque
820 863 879 914 quac
900 845 928 900 in

124 921 266 976 Antonium
284 923 417 994 acceperit,
437 926 526 978 contra
543 941 598 976 rem
615 920 742 992 publicam
757 939 849 986 versa3
869 939 927 991 pro

125 997 289 1068 scriptionem
301 999 401 1064 civium,
414 998 549 1054 divisiones
562 1016 688 1070 agrorum,
700 1017 733 1052 ne
745 997 807 1068 ipsis
822 997 928 1068 quidem

102 1072 172 1144 aqui
188 1073 271 1130 fecere
289 1073 411 1130 badaias.
449 1076 515 1130 Sane
534 1075 616 1129 Cassii
634 1078 661 1129 et
678 1075 820 1128 Brutorum
837 1074 927 1129 exitus

107 1151 238 1220 'paternis
250 1151 389 1206 inimicitiis
402 1151 482 1217 datos,
494 1169 647 1223 quamquam
657 1151 697 1204 fas
710 1151 744 1204 sit
756 1150 857 1221 privata
869 1151 930 1205 odia
971 1157 972 1164 ’

125 1227 233 1298 publicis
249 1229 404 1284 utilitatibus
420 1229 567 1284 remittere:
587 1227 632 1282 sed
647 1226 798 1296 Pompeium
813 1226 929 1298 imagine

125 1304 203 1375 pacis,
217 1304 262 1360 sed
273 1305 398 1376 Lepidum
412 1306 496 1377 specie
509 1305 633 1369 amicitia,
647 1303 783 1374 deceptos3
802 1307 862 1373 post
875 1305 930 1360 An·

126 1381 233 1446 tonium,
246 1381 383 1438 Tarentino
395 1383 602 1453 Brundisinoque
618 1380 714 1437 federe
730 1384 757 1436 et
772 1380 871 1450 nuptiis
890 1399 931 1436 so-

125 1458 192 1512 roris
209 1458 331 1524 illectum,
353 1458 466 1515 subdola
484 1459 623 1514 adfinitatis
641 1475 728 1528 poenas
745 1460 828 1512 morte
846 1458 931 1512 exsol-

102 1534 201 1592 ovisae.
235 1535 330 1590 Pacem
347 1536 402 1590 sine
420 1535 497 1590 dnbio
514 1539 574 1606 post
591 1535 653 1602 hec,
670 1552 760 1588 rerum
778 1537 930 1591 cruentam:

126 1609 256 1666 Lollianas
269 1612 442 1682 Varianasque
458 1611 550 1677 clades,
563 1611 712 1666 interfectos
728 1610 819 1664 Romae
836 1611 932 1665 Varro·
978 1627 979 1632 ¹

102 1700 179 1754 4ncs‚
190 1688 321 1759 Egnatios‚
331 1689 348 1743 J
350 1689 412 1744 ulos.
449 1687 476 1742 N
477 1706 506 1743 ec
518 1687 664 1742 domesticis
677 1685 868 1740 abstinebatur:
889 1686 933 1742 ab

127 1764 205 1820 dueta
215 1765 315 1821 Neroni
325 1784 398 1832 uxor,
411 1767 438 1820 et
454 1765 565 1820 consulti
580 1783 625 1835 per
641 1762 779 1817 ludibrium
795 1763 932 1832 pontifices

127 1859 160 1896 an
171 1845 295 1912 concepto
307 1842 414 1898 necdum
430 1841 499 1897 edito
511 1844 588 1912 partu
603 1840 653 1895 rite
666 1839 775 1894 nuberet
782 1861 790 1905 ;
810 1839 843 1898 Q.
857 1839 934 1896 'ledii

127 1921 155 1972 et
166 1917 243 1972 Vedii
253 1918 375 1973 Pollionis
386 1918 478 1984 luxus3
496 1921 626 1989 postremo
637 1916 720 1981 Livia,
739 1915 824 1986 gravis
836 1915 865 1970 in
876 1935 933 1971 rem

107 1995 255 2066 gpublioam
265 1996 450 2067 mater,graris
463 1995 550 2051 domui
562 1995 819 2050 Oaesammnoverca.
855 1994 934 2048 Nihil
967 2017 979 2045 s

128 2071 234 2127 deorum
252 2071 391 2128 honoribus
411 2072 537 2138 relictum,
557 2090 616 2127 cum
635 2089 663 2126 se
681 2069 784 2142 templis
802 2072 829 2124 et
847 2071 933 2142 effigie

107 2149 260 2213 suuminum
271 2169 317 2222 per
328 2150 442 2205 flamines
454 2154 481 2205 et
493 2149 637 2206 sacerdotes
649 2148 699 2203 coli
713 2147 798 2203 vellet.
834 2147 879 2202 Ne
891 2149 934 2202 'li-

127 2223 226 2282 berium
243 2226 345 2299 quidem
361 2227 469 2283 caritate
485 2231 531 2282 aut
545 2227 584 2282 rei
601 2225 709 2297 publice
725 2242 787 2280 cura
802 2241 933 2280 successo

86 2301 93 2313 ‘
127 2321 182 2358 rem
200 2303 340 2360 adscitum:
365 2303 547 2376 sedquoniam
565 2302 735 2374 arrogantiam
753 2301 932 2372 saevitiamque

128 2379 183 2450 ejus
197 2381 388 2453 introspexerit,
402 2381 589 2452 comparatione
606 2379 743 2435 deterrima
759 2377 808 2433 sibi
824 2378 933 2449 gloriam

104 2457 282 2530 7quoesirisse.
319 2457 422 2513 Etenim
439 2459 574 2529 Augustus
592 2457 679 2530 paucis
695 2459 755 2511 ante
773 2455 853 2521 annis,
874 2474 933 2512 cum

127 2533 229 2590 liberio
245 2531 407 2590 tribuniciam
422 2539 576 2606 potestatem
593 2553 608 2589 a
623 2533 739 2606 patribus
756 2551 858 2588 rursum
875 2549 932 2604 pos·

127 2610 231 2677 tulerat,
245 2629 397 2682 quamquam
413 2611 510 2667 honora
525 2611 646 2677 oratione,
660 2609 776 2683 quadam
792 2609 824 2665 de
840 2609 932 2666 habita

128 2687 250 2760 cultuque
261 2691 288 2744 et
299 2687 427 2744 institutis
440 2688 494 2760 ejus
503 2689 607 2761 jecerat,
622 2707 678 2761 qua
697 2688 768 2745 velut
785 2687 932 2743 excusando
