1960 2952
146 146 176 192 18
482 137 603 186 TACI'H

785 197 822 246 [s.
832 196 861 236 u.
871 197 893 236 o.
903 195 947 238 rm.

144 251 249 308 boribus
260 249 426 305 deiectionem
439 247 530 303 sideris
542 247 706 310 adsimulans,
716 263 888 316 prospereque
896 265 948 301 ces

145 349 206 386 sure
217 329 249 384 sd
262 347 318 399 qum
330 331 473 398 pergerent,
487 326 509 380 si
521 325 607 396 fulgor
619 330 646 380 et
658 323 782 380 claritudo
794 323 849 378 deae
861 324 949 380 redde·

122 414 223 461 tretur.
259 405 346 475 Igitur
370 404 426 458 reris
451 420 521 467 sone,
547 402 669 456 tuberum
692 418 867 471 cornuumque
890 419 949 456 eon·

144 488 222 539 centu
243 486 357 553 strepere
368 502 375 547 ;
399 484 477 550 prout
498 479 652 550 splendidior
676 478 845 542 obscuriorve,
868 478 950 532 letari

144 565 190 616 aut
202 579 322 625 moerere3
341 563 368 614 et
380 564 516 629 postquam
528 562 592 612 ortoe
604 558 685 612 nubes
698 557 805 612 offecere
816 557 885 612 visui
896 575 950 612 cre·

143 637 276 707 ditumque
289 636 418 690 conditum
436 634 557 698 tenebris,
570 638 601 688 ut
618 641 679 688 sunt
695 633 800 688 mobiles
813 632 845 686 nd
863 652 950 704 super·

145 715 275 769 stitionem
286 712 410 784 perculsu
422 712 500 766 semel
511 715 618 776 mentes,
632 711 680 766 sibi
698 713 822 765 {eternum
837 710 951 765 laborem

122 790 270 862 sportendi,
284 808 330 843 suu
341 789 454 845 incinere
465 788 576 842 eversari
584 786 645 842 deos
657 787 836 841 lamentantur.
868 788 951 842 Uten-

147 866 207 921 dum
225 865 388 920 inclinatione
405 881 436 918 es
453 864 539 918 Oaesur
555 866 590 927 et,
604 881 661 933 qne
676 881 751 917 casus
769 862 907 927 obtulerat,
924 865 952 918 in

123 943 296 1012 tsapientinm
305 940 427 996 vertenda
438 944 519 1003 ratus,
530 939 658 993 circumiri
668 938 780 992 tentoria
787 937 870 1007 jubet.
902 941 952 994 Ac

147 1019 217 1072 citur
228 1017 343 1071 centurio
356 1016 482 1078 Clemens,
495 1018 522 1068 et
534 1015 557 1068 si
573 1015 615 1068 elii
633 1014 706 1068 bouis
723 1013 821 1068 artibus
837 1015 908 1084 grati
925 1015 953 1070 in

150 1095 251 1164 vulgus.
271 1093 296 1146 Ii
306 1092 405 1162 vigiliis,
420 1091 581 1155 stelionibus,
595 1089 717 1144 custodiis
729 1094 862 1160 porterum
875 1109 904 1145 se
916 1091 953 1146 in·

124 1174 245 1235 osorum,
261 1187 332 1239 spem
349 1169 467 1232 offerunt,
485 1171 583 1222 metum
598 1165 743 1221 intendunt.
782 1172 798 1194 “
808 1166 953 1238 Quousque

147 1247 228 1302 filium
240 1245 399 1315 imperatoris
412 1243 604 1297 obsidebimus?
623 1243 680 1312 quis
692 1242 862 1296 certaminum
873 1243 952 1298 finis?

147 1322 322 1377 Percennione
338 1324 364 1375 et
380 1319 508 1374 Vibuleno
525 1321 711 1372 sacramentum
729 1317 824 1372 dicturi
841 1321 952 1374 snmus?

147 1397 303 1453 Percennius
316 1399 342 1450 et
354 1395 498 1450 Vibulenus
511 1394 637 1464 stipendis
651 1393 782 1461 militibus,
795 1412 872 1462 egros
888 1413 953 1450 eme

100 1535 103 1542 ¹
148 1474 205 1528 ritis
223 1473 382 1542 largientur?
401 1471 519 1540 Denique
535 1487 582 1540 pro
598 1468 744 1524 Neronibus
757 1472 783 1524 et
795 1470 893 1525 Drusis
909 1471 954 1526 im·
977 1495 979 1518 2

126 1550 249 1620 7perium
266 1547 354 1619 populi
373 1547 484 1601 Romani
501 1547 654 1616 capessent?
673 1545 741 1610 Quin
756 1545 851 1615 potius,
866 1551 899 1601 nt
911 1565 954 1602 no
978 1543 979 1570 ¹

149 1625 246 1680 vissimi
265 1625 294 1680 in
313 1624 421 1694 culpem,
441 1624 479 1677 ite
499 1622 574 1693 primi
595 1621 626 1676 ad
647 1622 821 1692 penitentium
841 1625 954 1678 sumus?

148 1701 232 1756 Tarda
249 1709 309 1755 sunt
328 1717 384 1769 quse
401 1699 429 1753 in
447 1716 580 1752 commune
596 1697 806 1767 expostulentur:
825 1699 954 1768 privatum

47 1834 50 1839 ,
125 1778 256 1850 cgratiam
280 1776 368 1830 statim
388 1793 508 1838 mereare,
531 1773 619 1828 stetim
639 1772 771 1843 recipiss.”
809 1773 955 1830 Commotis
978 1773 979 1776 ’

149 1873 194 1924 per
211 1853 266 1908 haec
277 1850 406 1906 mentibus
424 1853 451 1904 et
468 1851 537 1904 inter
553 1868 581 1904 se
598 1850 733 1919 suspectis,
747 1848 860 1904 tironem
879 1870 896 1905 u
913 1869 956 1906 ve·

124 1934 246 1995 surano,
258 1927 383 1997 legionem
396 1944 411 1980 a
422 1925 522 1996 legione
534 1924 679 1979 dissociant.
717 1926 783 1978 Tum
794 1925 881 1980 redire
894 1945 956 1998 psu-

147 2005 221 2061 latim
239 2021 309 2058 umor
326 2001 458 2070 obsequii:
477 2001 601 2054 omittunt
619 2003 714 2070 portas,
734 1999 808 2070 signu
824 2019 912 2056 unum
929 2003 956 2056 in

147 2082 232 2136 locum
245 2078 368 2150 principio
381 2073 512 2132 seditionis
530 2079 686 2148 congregate
702 2093 761 2131 sues
778 2076 806 2130 in
822 2077 901 2132 sedes
918 2096 955 2132 re

148 2158 243 2212 ferunt.

102 2234 140 2288 29
183 2233 286 2286 Drusus
302 2232 359 2284 orto
372 2228 413 2284 die
429 2231 455 2283 et
466 2230 558 2282 vocate
574 2226 702 2291 concione,
716 2244 864 2297 quenquam
883 2228 955 2284 rudis

149 2307 256 2372 dicendi,
269 2306 402 2360 nobilitate
420 2304 535 2374 ingenite
551 2303 652 2357 incusat
669 2303 760 2374 priora,
778 2302 874 2373 probat
891 2323 956 2375 prse-

149 2384 251 2446 sentia;
267 2386 345 2451 negat
357 2399 384 2436 se
401 2384 498 2435 terrore
515 2383 541 2434 et
557 2378 633 2432 minis
650 2377 733 2434 vinci:
752 2378 832 2432 flexos
852 2379 888 2435 ed
904 2397 955 2434 mo

150 2457 257 2510 destium
270 2457 292 2510 si
306 2456 398 2520 videet,
412 2456 435 2510 si
451 2455 578 2526 supplices
590 2453 685 2519 audiet,
702 2454 860 2524 scripturum
878 2455 954 2526 putri,

127 2534 182 2586 2ut
193 2531 308 2599 placatus
319 2531 448 2601 legionum
460 2549 548 2601 preces
561 2531 697 2600 exciperet.
733 2529 888 2597 Orantibus,
901 2551 955 2586 rur-

153 2622 210 2658 sum
221 2604 288 2656 idem
299 2605 398 2660 Bloesus
415 2610 442 2660 et
454 2606 485 2660 L.
496 2605 625 2676 Apronius
638 2623 715 2676 eques
727 2605 864 2661 Romums
884 2626 899 2662 e
916 2624 955 2662 co

152 2679 227 2734 horte
239 2679 326 2744 Drusi,
338 2681 355 2734 J
356 2685 480 2754 ususque
495 2681 618 2738 Catonius
630 2682 706 2752 primi
717 2682 814 2738 ordinis
826 2685 954 2749 centurio,
