2026 2992
45 175 71 212 Δ
80 173 104 212 Β
114 173 147 218 ⁸⁶
157 173 201 221 Μ]
251 112 449 162 ANNALIUM
466 113 511 162 VI.
529 115 632 162 89-48.
793 115 841 164 2⁰⁷

76 225 114 276 At
139 173 278 289 Tiridates,
301 222 445 280 volentibus
468 224 579 289 Parthis,
609 222 792 294 Nicephorium
815 225 866 278 eta

7 291 13 302 ’
44 297 250 352 Anthemusiada
261 302 409 370 ceterasque
426 299 579 371 urbesque
591 299 775 356 Macedonibus
787 299 843 356 sita

45 374 132 430 Graes
155 373 283 430 vocabula
306 380 438 446 usurpant,
462 376 611 448 Halumque
638 380 665 430 et
689 375 843 432 Artemitam

43 451 165 506 Parthica
182 449 284 520 oppida,
295 453 404 522 recepit;
423 452 580 508 certantibus
592 451 685 523 gaudio
703 452 754 524 qui¹
767 454 842 508 Arta·

43 527 136 581 banunn
164 527 275 597 Scythas
299 527 367 582 inter
387 527 508 583 eductum
529 529 561 584 ob
581 529 704 584 sevitiam
723 529 842 596 execrati,

43 621 111 658 oome
124 602 251 660 Tiridatis
263 603 393 674 ingenium
409 604 539 660 Romanas
557 623 603 676 per
615 607 683 660 artes
698 605 841 676 sperabant.

43 679 188 734 Plurimum
209 679 363 735 adulationis
383 679 546 736 Seleucenses
563 680 676 747 induere,
694 681 783 737 civitas
799 679 889 754 pro-42

44 760 106 820 tens,
129 760 215 826 saepta
232 755 319 820 muris,
342 775 424 828 neque
443 757 471 812 in
490 757 626 814 barbarum
647 763 774 829 corrupta
797 758 842 814 aad

45 831 184 886 conditoris
204 831 305 886 Seleuci
321 833 442 888 retinens.
478 833 597 889 Trecenti
612 832 703 904 opibus
721 837 766 888 ant
778 835 842 905 sapi·

45 908 110 962 entia
122 907 220 963 delecti
235 911 265 962 ut
282 914 401 973 senatus;
419 928 466 964 sua
479 909 573 980 populo
591 910 637 963 vis.
677 910 712 964 nt
724 910 866 980 quotiens2

44 984 181 1039 concordes
189 989 278 1056 agunt,
288 986 418 1055 spernitur
428 985 552 1040 Parthus:
571 985 615 1040 nbi
625 985 772 1050 dissensere,
781 985 841 1042 dum

44 1059 90 1114 sibi
101 1061 213 1132 quisque
225 1065 316 1115 contra
326 1061 429 1116 emulos
442 1061 582 1116 subsidium
594 1067 694 1130 vocant,
707 1062 803 1118 accitus
815 1063 842 1118 in

43 1141 149 1206 partem,
169 1136 303 1191 adversum
322 1155 409 1192 omnes
427 1137 539 1193 valescit.
575 1137 608 1192 Id
620 1157 701 1209 nuper
716 1138 864 1195 acciderata

43 1212 175 1268 Artabano
193 1217 325 1284 regnante,
344 1215 387 1285 qni
404 1214 503 1286 plebem
519 1214 672 1286 primoribus
687 1215 793 1271 tradidit
809 1235 841 1272 ex

43 1307 88 1344 suo
104 1309 170 1344 usu:
188 1309 249 1345 nam
267 1291 354 1361 populi
369 1291 503 1362 imperinm
518 1292 595 1362 juxta
611 1290 762 1357 libertatem,
782 1311 841 1364 pau·

43 1383 129 1420 corum
147 1365 289 1421 dominatio
306 1367 383 1439 regia
400 1367 499 1422 libidini
515 1368 619 1439 propior
636 1371 684 1424 est.
720 1369 785 1424 Tbnm
797 1367 865 1424 erl-4

43 1447 190 1498 ventantem
200 1442 332 1498 Tiridaten
340 1443 465 1498 extollunt
474 1449 590 1498 veterum
598 1463 688 1516 regum
695 1445 840 1511 bonoribus,

43 1522 68 1572 et
80 1538 145 1590 quos
164 1538 254 1574 recens
272 1523 335 1574 aetes
352 1521 448 1592 largius
466 1521 575 1587 invenit;
605 1520 681 1576 simul
700 1521 793 1592 probra
813 1521 841 1576 in

43 1596 203 1652 Artabanum
221 1595 369 1662 fundebant,
388 1601 504 1652 materna
521 1597 618 1668 origine
635 1597 782 1663 Arsaciden,
801 1615 839 1652 cc

42 1677 96 1727 tera
118 1673 282 1744 degenerem.
318 1673 443 1728 Tiridates
466 1693 521 1728 rem
546 1673 721 1729 Seleucensem
746 1673 862 1763 populos

42 1750 177 1818 permittit.
214 1750 280 1805 Mox
291 1750 438 1807 consultans
451 1769 560 1821 quonam
575 1749 616 1805 die
628 1748 750 1804 sollennia
766 1751 839 1819 regni

41 1831 195 1914 capesseret,
174 1826 314 1882 tlitteras
333 1828 451 1882 Phraatis
473 1831 500 1882 et
518 1825 648 1891 Hieronis,
671 1825 715 1895 qui
739 1825 838 1880 validis-

39 1903 116 1958 simas
136 1903 242 1973 prefect
243 1923 303 1958 uras
321 1903 476 1969 obtinebant,
496 1903 595 1991 accipit,
616 1901 719 1957 brevem
742 1920 838 1958 moram

39 1981 209 2050 precantium.
246 1980 329 2036 Placit
318 1985 423 2051 tumque
441 1979 552 2050 opperiri
569 1979 637 2034 viros
652 1977 835 2049 praepollentes,
846 1992 861 2039 o

38 2057 147 2126 atque
140 2057 243 2110 interim
272 2056 413 2127 Ctesiphon
437 2055 536 2111 sedes
529 2055 628 2126 imperii
652 2055 741 2126 petita.
787 2055 838 2110 Sed

37 2133 80 2188 ubi
100 2133 172 2188 diem
192 2150 226 2186 ex
245 2132 286 2188 die
305 2134 387 2204 prolat
375 2133 473 2197 tabant,
488 2131 575 2186 multis
595 2150 680 2187 coram
700 2139 727 2186 et
740 2151 838 2220 'appro-

37 2209 161 2264 bentibus
185 2209 283 2263 Surena
306 2210 389 2280 patrio
410 2227 480 2266 more
501 2207 660 2262 Tiridaten
652 2208 747 2279 lusigni
767 2209 838 2280 regio

37 2287 145 2341 evinxit.
183 2287 223 2340 Ao
236 2286 257 2340 si
270 2286 357 2340 statim
369 2285 490 2340 interiora
502 2289 649 2355 ceterasque
661 2285 776 2339 nationes
795 2285 884 2356 ρει-43

36 2363 149 2428 linisset,
170 2380 293 2432 oppressa
314 2363 488 2417 cunctantium
509 2359 636 2415 dubitatio
655 2365 682 2416 et
702 2379 792 2415 omnes
811 2361 839 2416 in

37 2458 120 2494 unum
138 2437 281 2496 cedebant.
307 2438 441 2493 assidendo
464 2436 604 2501 castollum,
623 2437 651 2490 in
671 2436 739 2506 quod
761 2455 838 2507 pecn-

37 2517 104 2573 niam
129 2521 158 2572 et
184 2515 285 2586 pellices
304 2515 449 2570 Artabanus
468 2513 618 2579 contulerat
638 2512 707 2568 dedit
726 2513 838 2582 spatium

38 2591 149 2648 exuendi
161 2596 245 2664 prmota
282 2555 861 2657 NameraacsetHieiostets1quialii2

38 2668 168 2726 delectum
161 2611 315 2740 pacapiendo
338 2665 476 2722 diademati
499 2663 566 2719 diem
589 2663 659 2718 baud
681 2660 837 2718 concelebra·
