2030 3000
38 223 108 274 mm
196 165 394 214 ANNALIUM
410 166 457 215 XI.
477 168 579 216 11-15.
730 170 777 218 2²1

36 272 161 344 vulgavitque,
169 282 296 347 comperto
307 277 422 332 Graecam
434 295 535 348 quoque
546 277 719 333 litteraturam
727 295 780 334 non
809 265 820 279 ⁹

37 348 83 403 siuul
92 354 183 421 ceptam
195 352 392 424 absolutamque.
428 354 509 408 Primi
520 372 566 424 per
577 355 673 425 figures
686 353 828 410 anima-14

37 421 75 477 lim
87 426 186 498 AEgyptii
205 447 293 484 sensus
310 429 404 484 mentis
422 430 582 501 effingebant,
599 433 641 500 (ea
657 431 780 503 antiquis·

37 500 77 553 sina
95 509 240 559 monumenta
268 504 396 560 memoriae
421 506 538 561 humane
561 506 685 576 impresse
712 507 780 563 saxis

37 580 152 647 utrumme)
164 583 188 634 et
202 580 345 636 litterarum
365 585 446 636 semet
467 582 612 637 inventores
631 583 780 654 perhibent;

37 649 201 721 iudePhoeuicss‚
220 658 279 727 quia
292 656 358 712 muri
375 658 563 728 prepollebunt
580 659 697 714 intulisse
714 661 781 716 Grue-

38 727 71 791 eia,
80 729 211 802 gloriamque
222 733 335 802 adeptos,
348 736 468 804 tanquam
481 735 639 805 reppererint
648 753 704 806 quse
713 753 782 792 eece·

38 809 104 870 pret.
134 807 228 878 Quippe
244 808 313 862 seme
327 811 367 862 est
386 809 517 876 Cadmum,
537 810 617 865 classe
632 811 806 868 Phrenicumss

38 883 113 946 uectum,
132 883 230 939 rudibus
253 883 337 940 adhue
360 885 506 940 Grueeorum
529 887 629 957 populis
647 888 709 942 artis
727 887 782 959 ejus

39 959 130 1012 auctorem
145 959 224 1014 fuisse.
261 960 373 1019 Quidem
390 960 528 1031 Cecropem
545 962 727 1018 Atheniensem
743 963 807 1020 vele

38 1030 102 1088 buum
116 1036 259 1102 Thebanum,
278 1042 305 1093 et
322 1039 480 1108 temporibus
499 1039 614 1111 Trojenis
630 1041 785 1096 Palameden

39 1109 134 1178 Argiuum,
153 1117 287 1168 memorent
307 1113 417 1169 sedecim
436 1114 581 1170 litterarum
605 1116 706 1184 formas,
725 1136 785 1172 mox

39 1183 263 1260 aliosacprecipuum
275 1190 423 1244 Simoniden
440 1194 546 1256 oeterus,
564 1192 712 1262 repperisse.
748 1197 811 1248 Aea

38 1257 130 1329 iultdiu
145 1265 245 1321 Etrusci
261 1266 293 1321 ab
312 1267 445 1322 Corinthio
463 1267 609 1333 Demarato,
631 1269 786 1341 Aborigines

40 1337 108 1393 bede
122 1341 149 1396 ab
159 1343 275 1398 Evandro
288 1343 446 1410 didicerunt3
465 1347 491 1398 et
506 1344 589 1399 torma
605 1344 699 1400 litteris
716 1346 787 1402 Lati·

39 1412 70 1477 lla
88 1433 132 1486 que
151 1420 289 1474 veterrimis
314 1421 467 1475 Graecorum.
516 1421 567 1476 Sed
590 1422 663 1477 nobis
687 1441 788 1494 quoque

40 1504 98 1556 ptutae
107 1495 204 1563 primum
215 1496 294 1563 fuere,
311 1495 402 1551 deinde
415 1496 508 1551 addite
524 1501 592 1553 sunt.
629 1498 691 1557 Quo
706 1510 813 1554 exem-5

41 1563 175 1632 ploGluudius
186 1575 237 1628 tres
249 1572 349 1627 litteras
361 1572 534 1644 adjecitque
551 1573 611 1628 usui
628 1573 790 1645 imperitante

41 1658 64 1705 tt
77 1650 122 1713 post
142 1648 297 1714 oblitteretae,
322 1650 481 1720 aspiciuntur
504 1651 582 1705 etiam
605 1667 673 1706 nunc
696 1650 724 1705 in
741 1667 791 1705 aere

41 1717 159 1784 publicandis
170 1724 306 1796 plebiscitis
315 1744 361 1797 per
372 1725 428 1782 fora
436 1744 466 1781 ac
476 1725 572 1796 templa
582 1726 642 1780 fixo.
678 1725 791 1780 Rettulit
802 1729 838 1783 15

40 1790 103 1852 deinde
112 1799 140 1854 ad
150 1806 261 1857 senatum
273 1821 350 1874 super
362 1803 467 1873 collegio
478 1802 648 1872 haruspicum,
661 1819 694 1856 ne
705 1806 791 1856 vetus·
817 1861 819 1868 ¹

39 1868 110 1927 lissima
118 1875 193 1932 Italie
204 1878 336 1949 discipline
346 1897 391 1950 per
403 1877 524 1933 desidiam
536 1878 706 1933 exolesceret:
725 1895 792 1948 saepe

39 1943 121 2004 uduersis
130 1953 165 2007 rei
174 1954 280 2024 publices
291 1954 449 2025 temporibus
458 1955 560 2018 accitos,
574 1972 681 2024 quorum
694 1954 794 2008 monitu

37 2021 188 2098 redintegratas
207 2030 362 2086 cerimonias
380 2034 407 2085 et
433 2031 609 2101 inposterum
632 2029 727 2086 rectius
751 2029 794 2083 ba-

38 2093 98 2166 bilam
112 2105 275 2177 primoresque
289 2106 400 2162 Etrurie
416 2110 514 2177 sponte,
528 2110 572 2160 eut
584 2109 686 2176 patrum
702 2106 795 2160 Rome-

38 2187 103 2231 rorum
118 2179 229 2251 impulsu,
247 2181 385 2238 retinuisse
396 2182 528 2237 scientiam
541 2184 567 2236 et
578 2182 607 2236 in
618 2182 724 2237 familias
737 2199 795 2253 pro-
835 2243 838 2252 ,

37 2252 134 2321 pagum
151 2258 216 2327 quod
230 2276 299 2313 nunc
319 2258 422 2329 segnius
441 2257 496 2313 lieri
511 2257 613 2328 publicu
632 2259 699 2313 circa
716 2257 796 2313 bonas

36 2329 86 2381 fides
95 2333 207 2400 socordie,
217 2338 244 2390 et
256 2335 317 2406 quia
325 2337 437 2389 externe
449 2333 642 2403 superstitiones
651 2334 795 2388 valescunt:

35 2405 54 2454 tt
62 2402 110 2460 lete
120 2409 216 2480 quidem
230 2411 259 2466 in
273 2429 384 2482 presens
396 2409 487 2476 omniu,
499 2409 545 2463 sed
556 2409 708 2480 benignitati
720 2408 798 2463 deum

37 2483 120 2546 gretiam
133 2487 295 2553 referendam,
313 2487 428 2542 neritus
446 2503 575 2541 sacrorum
593 2487 661 2541 inter
679 2485 799 2556 ambigua

38 2555 82 2612 tulli
94 2578 134 2630 per
150 2581 270 2634 prospere
285 2562 500 2619 oblitterarentur.
536 2561 645 2616 Factum
663 2579 695 2616 ex
713 2579 743 2614 eo
761 2567 823 2613 seu

38 2637 92 2690 uetus
102 2639 248 2705 eonsulmm,
261 2639 376 2696 viderent
390 2639 522 2711 pontifices
537 2655 594 2708 que
609 2635 742 2692 retinenda
758 2634 799 2686 fir·

37 2710 150 2785 meqae
161 2715 332 2786 haruspicum.
