1862 2952
57 219 84 260 L
96 221 124 262 D·
136 220 170 262 a
285 159 480 210 ANNALIUM
495 163 541 212 VI.
558 167 597 222 60,
610 167 649 214 ol.
812 171 859 218 21⁸

56 220 205 324 Mareelids
223 273 250 325 et
261 270 382 342 Agrippa,
399 290 459 327 mox
476 273 554 328 Caius
571 273 720 347 Luciusque
736 273 859 344 Omeros,

54 347 175 420 viguere.
212 349 298 403 Etiam
310 350 390 405 freter
401 351 457 421 ojus
473 351 575 406 Drusus
591 353 750 424 prosperiore
766 355 883 412 eiviumt

54 443 146 480 umore
166 427 229 479 erat.
267 425 318 480 Sed
334 426 443 482 maxime
459 428 487 482 in
505 427 603 483 lubrioo
627 429 680 501 egit
704 435 810 502 aooeptn
832 431 861 488 iu

52 501 252 555 matrimonium
269 501 346 567 Juiis,
365 502 550 573 impudicitiam
567 505 654 559 uxoris
677 506 789 562 tolerans
813 511 860 564 aut

52 577 197 632 declinans.
247 577 316 632 Dein
339 578 432 633 Rhodo
462 598 594 651 regressus
620 599 713 637 veeuos
739 583 883 656 principius

51 657 165 724 penates
190 652 326 709 duodecim
347 655 427 724 suuis,
451 673 513 710 mox
530 657 569 712 rei
586 655 708 714 Romnum
726 659 860 716 arbitrium

51 729 142 785 tribus
155 729 239 784 ferme
251 733 279 784 et
294 730 386 802 viginti
403 731 522 787 obtinuit.
559 733 663 788 Morum
680 753 781 807 quoque
796 740 881 792 tem-5

50 824 118 878 pora
139 805 179 860 dli
204 805 322 861 diversa:
342 807 472 880 egregium
490 809 545 863 rito
567 808 691 882 fameque,
710 811 794 882 quoad
809 813 860 883 pri·

50 888 132 940 vatus
150 883 196 939 vel
214 883 242 938 in
259 884 372 956 imperiis
390 885 438 940 sub
458 887 578 958 Augusto
596 887 666 954 tuin
683 889 811 946 oecultum
829 909 859 948 no

49 959 197 1018 subdolum
221 960 348 1031 tingendis
371 961 518 1028 virtutibus,
543 962 624 1020 doueo
645 965 810 1022 Gemsuieus
828 985 858 1023 no

48 1040 160 1095 Drusus
174 1038 335 1108 superfuere.
371 1039 445 1093 Idem
463 1039 530 1094 inter
545 1040 613 1097 boun
627 1041 743 1114 moleque
763 1043 880 1101 mixtuso

29 1132 31 1136 ·
47 1115 183 1172 ineolumi
203 1117 287 1168 matre
297 1137 305 1180 ;
323 1115 475 1170 intestabilis
494 1116 598 1182 sevitio,
619 1118 665 1173 sed
680 1118 788 1176 obtentis
804 1119 859 1176 libi·

47 1192 168 1256 dinibus,
195 1189 259 1244 dum
284 1191 401 1262 Seianum
420 1191 509 1247 dilexit
532 1193 666 1249 timuitve:
685 1199 814 1265 postremo
831 1197 859 1252 in

47 1271 154 1326 seelera
174 1268 257 1323 simul
274 1286 303 1324 no
317 1269 440 1324 dedecora
457 1271 580 1342 prorupit,
599 1275 741 1344 postquem,
760 1277 857 1332 remoto

45 1348 154 1420 pudore
167 1350 199 1402 et
211 1348 292 1414 metu,
304 1365 350 1402 suo
362 1350 463 1403 tautum
475 1347 577 1419 iugenio
588 1348 717 1406 utebatur.
