1936 2968
144 163 191 210 342
482 161 602 212 TACITI

747 237 752 246 -
770 223 809 272 [s.
820 223 850 262 11.
860 224 885 262 e.
896 224 947 264 ors.

142 277 169 328 et
190 273 258 329 eludi
276 273 388 330 Parthus
406 277 492 329 tractu
506 274 566 330 belli
583 276 690 345 poterat,
707 272 730 326 si
750 272 827 327 Paeto
849 277 898 327 eut
919 275 948 328 in

120 349 195 404 terris
207 353 252 404 aut
264 349 292 404 in
306 350 393 406 alienis
411 351 522 406 consiliis
540 350 683 407 constantie
699 349 801 404 fuisset.
840 349 946 404 Verum

140 424 186 480 ubi
197 443 213 480 a
224 426 285 480 viris
297 427 449 482 militaribus
461 426 582 482 adversus
593 430 715 496 urgentes
727 443 804 480 cesus
823 425 945 482 firmatus

141 506 203 566 eret,
226 521 322 569 rursus,
344 523 376 558 ne
397 503 485 559 eliense
505 502 637 558 sententis
660 501 778 572 indigens
797 503 943 568 videretur,

119 579 168 633 tin
191 578 292 634 diversa
315 599 345 636 cc
368 581 494 636 deteriora
517 580 650 635 transibat.
694 579 729 634 ut
753 583 820 634 tuno
844 580 945 635 relictis

141 655 260 722 hibernis,
274 675 327 712 non
342 657 436 712 fossam
450 675 534 727 neque
550 657 642 711 vellum
659 655 708 710 sibi
724 655 771 710 sed
788 675 903 727 corpora
917 663 945 711 et

141 750 211 788 arms
230 733 258 787 in
276 733 376 788 hostem
395 733 456 788 data
474 733 612 798 clamitans,
634 732 708 787 duxit
729 732 848 803 legiones
869 734 946 804 qnasi

119 809 228 880 6praelio
240 815 391 864 certaturus.
428 809 529 865 Deinde
545 810 637 864 smisso
649 809 799 864 centurione
812 815 841 864 et
853 811 945 880 paucis

141 885 272 954 militibus,
286 905 349 958 quos
361 885 472 942 visendis
491 887 603 942 hostium
615 887 694 957 copiis
706 887 878 957 praemiserat,
892 892 946 942 tre·

120 971 134 1020 7
141 961 217 1033 pidus
229 964 358 1018 remeavit.
394 964 430 1018 Et
444 964 504 1034 quis
512 964 595 1018 minus
607 964 700 1019 aeriter
711 963 859 1034 Vologeses
872 965 947 1018 insti-

141 1043 218 1104 terat,
241 1057 308 1094 vane
330 1057 419 1094 rursus
443 1039 535 1094 fiducia
558 1041 609 1094 tris
631 1039 709 1094 millia
727 1038 825 1094 delecti
848 1041 946 1111 peditis

142 1117 257 1186 proximo
286 1115 365 1170 Tauri
390 1116 454 1187 jugo
477 1115 607 1186 imposuit,
632 1133 683 1186 quo
705 1115 850 1170 transitum
875 1118 946 1186 regis

143 1197 274 1258 arcerent;
293 1193 373 1247 ulsres
394 1211 495 1263 quoque
518 1192 672 1259 Pannonios,
694 1191 773 1246 robur
799 1193 946 1264 equitatus,

121 1270 170 1325 8in
192 1275 265 1342 purte
288 1271 373 1342 campi
390 1269 466 1325 locet.
503 1269 606 1341 Oonjun
624 1288 653 1324 ac
671 1269 739 1324 fliius
758 1270 879 1336 castello,
905 1273 948 1327 cni

142 1349 307 1403 Arsamosata
317 1365 411 1403 nomen
418 1350 465 1412 est,
476 1346 563 1411 abditi,
574 1345 635 1400 deta
643 1346 671 1400 in
680 1345 831 1417 presidium
838 1348 947 1402 cohorte

143 1443 173 1480 ac
192 1423 305 1494 disperso
326 1423 414 1488 milite,
435 1423 479 1494 qui
495 1424 523 1478 in
540 1442 592 1478 uno
611 1422 712 1477 habitus
727 1441 826 1492 vagum
841 1423 946 1479 hostem

122 1502 285 1572 spromptius
298 1500 502 1555 sustentavisset.
537 1501 617 1572 AEgre
629 1498 790 1569 compulsum
805 1499 898 1554 ferrmt
917 1505 947 1554 ut

143 1579 282 1632 instantem
294 1576 433 1632 Corbuloni
444 1577 577 1631 tateretru.
613 1575 671 1630 Nec
687 1593 702 1629 1
717 1575 869 1630 Corbulone
888 1595 947 1648 pro-

143 1659 268 1725 peratum,
282 1671 333 1724 quo
345 1652 512 1724 gliscentibus
528 1651 648 1723 perieulis
662 1653 741 1706 etism
759 1651 876 1707 subsidii
891 1653 947 1708 laus

107 1738 289 1802 loaugeretur.
325 1729 449 1800 Expediri
473 1733 560 1785 tamen
582 1729 668 1784 itineri
687 1727 790 1799 singule
811 1728 896 1784 millia
916 1747 947 1784 ex

144 1807 229 1864 tribus
248 1807 390 1878 legionibus
410 1810 437 1861 et
456 1806 546 1860 alarios
562 1805 731 1876 octingentos,
747 1822 837 1874 parem
859 1824 946 1861 nume

101 1890 201 1944 llrum
222 1903 237 1940 e
256 1882 403 1940 cohortibus
419 1882 505 1953 jussit.
541 1884 578 1937 At
596 1881 745 1950 Vologeses,
762 1884 888 1952 quamvis
904 1882 946 1937 ob

144 1979 237 2016 sessos
247 1961 320 2016 Paeto
332 1957 490 2014 itinerahinc
498 1957 617 2028 peditatu
625 1957 684 2012 inde
691 1957 780 2027 equite
792 1960 944 2030 accepisset,

144 2037 207 2092 nihil
218 2041 318 2093 mutato
331 2035 443 2102 oonsilio,
462 2033 509 2090 sed
522 2035 550 2089 vi
566 2049 597 2090 ao
612 2034 688 2088 minis
704 2033 788 2088 aleres
807 2037 943 2100 exterruit,

143 2112 295 2184 legionarios
312 2113 436 2179 obtrivit,
453 2129 506 2168 uuo
521 2115 626 2166 tentum
639 2111 791 2166 centurione
811 2111 943 2184 Tarquitio

145 2190 282 2246 Crescente
293 2191 393 2254 turrim,
406 2189 434 2244 in
445 2207 496 2260 que
505 2187 652 2259 presidium
665 2186 791 2257 agitabat,
808 2188 943 2244 dmenderc

143 2281 216 2330 suso,
229 2265 347 2338 factaque
359 2266 451 2337 saepins
464 2265 596 2336 eruptione
608 2269 634 2319 et
644 2265 715 2320 cessis
723 2264 769 2335 qui
776 2264 942 2322 barbarorum

144 2341 249 2411 propius
268 2341 505 2414 suggrediebantur,
526 2341 605 2396 doueo
623 2342 723 2413 ignium
740 2342 818 2412 jactu
839 2345 943 2400 circum·

123 2417 280 2472 uveniretur.
315 2419 438 2473 Peditum
450 2420 473 2475 si
485 2420 542 2490 quis
553 2419 661 2489 integer,
677 2418 824 2490 longinqua
838 2427 867 2476 et
883 2421 941 2482 avis

143 2489 270 2574 vulnerati
281 2496 365 2546 costra
375 2495 527 2563 repetivere,
539 2495 662 2549 virtutem
676 2496 755 2566 regis,
774 2497 903 2552 servitiam
918 2500 942 2550 et

143 2580 228 2640 copias
246 2565 369 2632 gentium,
389 2573 482 2623 cuncta
498 2577 571 2625 metu
585 2571 748 2636 extollentes,
767 2572 843 2629 facili
860 2571 942 2629 credu-

154 2635 214 2688 *tate
238 2653 326 2689 eorum
350 2641 394 2708 qui
417 2643 506 2698 eadem
525 2647 661 2715 pavebant.
698 2646 742 2701 Ne
763 2647 821 2703 dux
845 2648 943 2720 quiden

184 2707 223 2759 uti
243 2708 362 2775 adversis,
383 2715 429 2768 sed
450 2725 545 2776 cuncta
561 2721 661 2778 militia
678 2723 770 2778 munis
789 2725 942 2786 demeat
