1866 2944
23 157 45 196 A.
56 158 77 196 D.
87 157 125 207 m]
226 96 420 146 ANNALIUM
438 97 473 146 11.
487 97 589 146 dd-dd.
766 99 797 148 di

21 223 142 260 numerum
151 211 179 262 et
196 209 329 278 pueritiam
343 207 443 273 videtis,
458 226 511 262 non
526 209 617 278 sponte
633 207 734 273 auaui,
753 207 799 264 sed

22 283 75 351 quia
90 283 199 354 princeps
217 284 336 338 monebat
344 305 352 349 ;
371 284 447 338 simul
462 284 570 354 majores
588 283 638 338 mei
653 287 799 338 meruerant

20 361 47 410 ot
66 363 172 428 posteros
192 359 323 414 haberent.
359 360 427 414 Nam
448 377 504 430 ego,
525 359 570 429 qui
587 376 638 414 non
658 360 820 430 pecuniam

20 450 66 486 non
83 434 162 489 studia
181 435 269 505 populi
288 453 371 505 neque
392 434 570 505 eloquentiam,
591 435 686 505 gentile
707 434 797 490 donnus

20 513 103 564 nostre
124 510 223 576 bonum,
246 510 370 566 varietate
393 515 537 581 temporum
558 511 670 582 accipere
694 512 734 566 vel
755 530 797 582 pa·

20 601 69 638 rare
84 587 225 656 potuissem,
242 587 306 641 satis
324 587 447 642 habebam
465 587 487 640 si
504 591 595 641 tenuas
612 605 653 642 res
671 605 733 643 mear
749 607 796 643 nec

19 661 75 717 mihi
94 662 188 733 pudori,
212 681 260 718 nee
284 663 402 734 cuiquam
425 663 495 717 oneri
518 662 611 718 forent.
647 664 740 718 Jrrasm
765 665 819 720 abt

18 736 157 807 imperatore
174 757 279 794 uxorem
298 739 367 794 duxi.
404 739 445 793 En
463 739 540 810 stirps
559 742 585 794 et
603 739 737 811 progenies
757 744 798 795 tot

18 815 146 880 consulum,
162 819 202 870 tot
220 815 389 870 dictatorum!
419 815 475 870 Neo
492 815 525 871 ad
540 814 659 870 invidiam
678 816 734 880 ista
753 816 798 871 sed

17 891 166 946 conciliandae
177 891 356 946 misericordiae
368 891 458 946 refero.
494 893 671 961 Assequentor
689 892 819 954 florenter

16 967 223 1038 bellamnoam
239 966 339 1022 dederis
354 967 478 1022 honores:
497 967 599 1022 interim
616 968 649 1027 Q.
663 969 797 1024 Hortensii

16 1048 165 1113 pronepotes,
190 1043 243 1098 divi
269 1043 380 1113 Augusti
404 1043 519 1098 alumnos
543 1042 574 1098 ab
603 1044 688 1114 inopie
710 1044 797 1100 deien-

17 1117 73 1173 de.”
106 1121 239 1176 Inclinatio
251 1124 356 1174 senatus
368 1119 560 1174 incitamentum
572 1119 673 1175 Tiberio
684 1121 734 1176 suit
746 1129 841 1192 quoae

18 1197 150 1265 promptius
167 1197 352 1260 adversaretur,
371 1195 411 1249 his
429 1195 508 1250 sermo
525 1195 609 1251 verbis
630 1197 819 1252 usum-“Sit

16 1275 131 1340 quantum
141 1291 281 1344 pauperum
294 1275 334 1327 est
346 1272 431 1326 venire
443 1272 493 1326 huo
505 1275 532 1325 et
543 1271 629 1326 liberis
641 1273 694 1328 sois
710 1275 797 1344 petere

16 1347 127 1416 pecunias
141 1349 270 1420 ceperint,
285 1347 379 1418 singuli
389 1365 527 1418 numquam
543 1349 743 1414 exsatiabuntur,
756 1367 798 1404 res

16 1422 110 1492 publica
120 1423 226 1480 deficiet.
262 1425 320 1479 Nec
332 1442 393 1478 sane
404 1423 461 1478 ideo
473 1441 489 1477 a
499 1423 637 1495 majoribus
651 1439 820 1486 mnaaasuna

7 1503 52 1552 est
69 1501 152 1570 egredi
168 1500 303 1572 aliquando
320 1501 468 1556 relationem
486 1505 520 1567 et,
538 1501 606 1572 qnod
622 1502 649 1556 in
666 1521 799 1558 commune

16 1575 140 1642 conducat,
158 1578 213 1632 loro
232 1577 366 1633 sententia
386 1579 508 1647 proferre,
527 1583 557 1632 ut
578 1578 678 1649 privata
697 1580 800 1648 negotia

16 1655 40 1706 et
59 1671 100 1706 res
118 1653 251 1709 familiares
272 1658 373 1708 nostras
394 1655 435 1709 hie
456 1673 602 1726 augeamus,
624 1673 683 1709 oum
706 1654 800 1708 invidia

16 1732 114 1784 senatus
129 1734 155 1784 et
171 1731 322 1802 principum,
334 1731 387 1786 sire
403 1730 554 1786 indulserint
570 1730 731 1800 largitionem
747 1729 800 1785 sire

16 1802 151 1861 abuuerint.
188 1807 249 1861 Non
267 1807 334 1861 eninr
352 1825 439 1878 preces
457 1811 518 1862 sunt
534 1806 612 1871 istud,
627 1805 671 1861 sed
683 1807 824 1878 efflagita-4

15 1879 58 1944 tio,
68 1880 243 1953 intempestiva
252 1882 354 1955 quidem
366 1887 392 1938 et
404 1883 539 1953 inprovisa,
550 1901 608 1938 cnm
618 1883 672 1938 aliis
685 1882 800 1940 derebus

6 1959 171 2012 ¹convenerint
187 1963 282 2030 patres,
295 1977 448 2028 consurgere
464 1963 491 2013 et
508 1976 613 2015 numero
632 1964 708 2031 atque
724 1966 800 2016 atate

14 2029 117 2088 liberum
144 2053 248 2089 suorum
271 2053 364 2106 urgere
387 2034 536 2089 modestiam
561 2039 671 2103 senatus,
695 2038 801 2093 eandem

14 2107 64 2162 rim
79 2109 105 2163 in
119 2129 159 2164 me
174 2111 356 2176 transmittere,
370 2129 399 2165 ao
414 2110 485 2166 velut
501 2111 657 2182 perfringere
675 2114 799 2178 aerarium,

14 2183 80 2252 quod
96 2186 118 2239 si
134 2186 271 2241 ambitione
290 2187 488 2251 exhauserimus,
507 2205 553 2257 per
570 2188 665 2243 scelera
682 2190 798 2260 supplen-

14 2257 73 2314 dum
89 2261 144 2316 erit.
180 2262 260 2318 Dedit
277 2262 333 2327 tibi,
352 2263 468 2328 Hortalo,
486 2261 560 2318 dirus
575 2265 710 2334 Augustus
726 2273 822 2336 pecu-o

12 2335 85 2401 niam,
109 2338 153 2393 sed
176 2357 228 2392 non
252 2338 417 2408 conpellatus,
442 2355 489 2393 nec
513 2357 543 2393 ea
565 2339 621 2408 lege
644 2344 674 2394 ut
702 2359 801 2412 semper

14 2408 121 2468 daretur.
156 2414 320 2486 Languescet
338 2414 431 2484 alioqui
448 2413 581 2480 industria,
598 2416 745 2471 intendetur
763 2429 823 2476 soc

12 2489 103 2556 cordia,
116 2492 138 2546 si
150 2493 233 2548 nullus
246 2511 278 2548 ex
290 2511 318 2547 ae
329 2496 414 2547 metus
426 2495 471 2546 ant
488 2510 560 2561 spes3
579 2496 606 2546 et
617 2492 700 2547 securi
714 2511 801 2546 omnes

12 2564 93 2621 aliona
103 2568 214 2624 subsidia
228 2567 422 2640 exspectabunt,
435 2567 484 2622 sibi
495 2568 588 2636 ignavi,
600 2567 673 2620 uobis
686 2566 800 2632 graves.'’

6 2641 77 2699 ¹Haeo
96 2650 171 2718 atque
192 2648 261 2712 talia,
287 2663 440 2717 quamquam
461 2661 520 2698 oum
540 2659 645 2696 assensu
665 2639 752 2690 audita
771 2635 824 2688 abt
