1960 2952
137 163 152 208 2
471 147 592 197 'sacrm

134 269 185 324 bus
196 269 250 322 nisi
262 267 348 322 Oresta
356 267 413 320 dux
424 265 549 335 reliquus,
562 265 648 334 posito
663 207 938 318 raomdffioilidi

136 345 272 398 consulem
289 361 317 398 se
333 343 419 396 ferens
437 349 465 396 et
482 344 516 395 ad
534 341 662 394 tuendam
673 339 777 408 plebem
790 339 937 392 tribunicio

134 423 195 491 jure
207 425 369 485 contentum,
386 419 433 470 ubi
451 419 565 470 militem
583 416 666 481 donis,
679 415 808 483 populum
820 431 937 480 annona,

138 502 247 550 cunctos
268 494 407 548 dulcedine
430 494 480 546 otii
501 491 620 561 pellexit,
641 491 777 557 insurgere
795 489 939 558 paulatim,

137 571 230 624 munia
248 576 362 632 senatus,
378 570 592 636 magistratuum,
614 566 711 634 legum,
731 566 760 617 in
780 581 807 616 se
824 566 940 632 trahere,

138 646 214 699 nullo
232 645 396 711 adversante,
408 661 470 697 cum
488 643 641 696 ferocissimi
657 659 704 710 per
724 641 793 694 acies
811 647 861 692 aut
880 659 941 709 pro·

141 721 281 788 scriptione
291 720 453 786 cecidissent,
463 719 543 771 ceteri
555 717 691 784 nobilium,
702 722 802 784 quanto
814 717 876 783 quis
889 734 942 769 ser-

141 796 207 850 vitio
221 796 374 864 promptior,
387 794 479 864 opibus
495 799 523 846 et
541 792 683 845 honoribus
695 792 899 858 extollerentur,
910 797 943 853 nt

142 872 217 925 novis
229 889 264 924 ex
275 871 353 923 rebus
370 871 443 923 aucti
455 874 516 922 tuta
528 873 555 921 et
567 868 707 936 praesentia
718 885 798 935 quam
810 872 905 920 vetera
916 873 943 920 et

122 947 290 1017 apericulosa
313 946 432 999 mallent.
468 945 561 1012 Neque
582 944 724 1012 provinciae
748 943 826 995 illum
851 959 944 995 rerum

145 1028 247 1076 statum
258 1020 416 1086 abnuebant,
424 1026 544 1088 suspecto
557 1023 662 1071 senatus
674 1019 819 1086 populique
830 1019 945 1087 imperio

146 1098 179 1151 ob
194 1098 339 1150 certamina
355 1097 505 1164 potentium
524 1100 551 1146 et
569 1095 709 1146 avaritiam
726 1096 946 1162 magistratuum,

146 1173 264 1226 invalido
275 1173 366 1240 legum
382 1171 491 1238 auxilio,
507 1187 568 1239 quae
585 1171 619 1236 vi,
632 1170 742 1236 ambitu,
755 1175 888 1238 postremo
901 1187 948 1240 pe-

149 1249 229 1302 cunia
242 1246 426 1300 turbabantur.

124 1336 142 1388 3
184 1325 305 1377 Ceterum
321 1325 458 1392 Augustus
473 1320 590 1374 subsidia
608 1321 789 1388 dominationi,
803 1321 950 1375 Claudium

152 1399 309 1453 Marcellum
321 1400 413 1452 sororis
424 1399 511 1451 filium
522 1397 665 1450 admodum
676 1398 870 1451 adolescentem
883 1416 950 1468 pon-

149 1475 255 1529 tificatu
271 1481 299 1528 et
320 1475 406 1530 cumli
425 1473 560 1540 aedilitate,
579 1473 616 1526 M.
628 1474 783 1542 Agrippam,
802 1474 951 1542 ignobilem

149 1552 214 1618 loeo,
225 1551 324 1603 bonum
336 1551 433 1603 militia
445 1556 472 1602 et
484 1549 601 1602 victoriae
614 1551 720 1615 socium,
732 1549 876 1617 geminatis
888 1568 952 1603 con-

151 1625 282 1680 sulatibus
304 1625 411 1691 extulit,
435 1639 498 1678 mox
522 1625 648 1677 defuncto
672 1625 797 1677 Marcello
821 1641 952 1694 generum

152 1702 286 1771 sumpsit3
306 1701 440 1754 Tiberium
464 1699 595 1753 Neronem
619 1705 646 1752 et
671 1700 814 1753 Claudium
832 1701 953 1753 Drusum

153 1779 289 1848 privignos
306 1775 481 1846 imperatoriis
492 1774 644 1829 nominibus
656 1776 741 1840 aurit,
753 1776 858 1844 integra
870 1777 954 1830 etiam

133 1860 215 1908 itum
239 1851 317 1907 domo
342 1869 396 1906 sua.
445 1851 516 1904 Nam
539 1851 642 1920 genitos
667 1852 786 1920 Agrippa
809 1851 906 1904 (laium
925 1868 954 1905 ac

155 1929 269 1983 Lucium
282 1929 312 1980 in
328 1928 459 1980 familiam
471 1925 604 1980 Caesenam
616 1926 767 1993 induxerat,
779 1927 897 1980 necdum
911 1945 958 1997 po-

156 2003 208 2058 sita
228 2003 325 2072 puerili
346 2007 478 2071 praetexta
496 2002 639 2072 Principes
651 2003 798 2070 juveutute
816 2003 954 2071 appellari,

157 2079 285 2133 destinari
296 2077 423 2141 consules,
442 2077 528 2146 specie
536 2078 682 2130 recusantis
694 2079 900 2147 flagrantissime
913 2096 957 2132 eu·

137 2156 269 2224 apiverat.
306 2153 344 2207 Ut
356 2153 476 2222 Agrippa
487 2153 545 2206 rite
562 2153 697 2219 concessit,
710 2153 738 2206 Ιι.
751 2153 881 2206 Gaesarem
894 2172 958 2207 eun-

160 2237 216 2284 tem
239 2228 274 2284 ad
299 2229 487 2299 Hispanienses
516 2229 653 2297 exercitus,
679 2230 772 2282 Caium
795 2236 958 2283 remeantem

161 2306 286 2360 Armenia
297 2312 324 2360 et
340 2305 449 2359 vulnere
461 2305 616 2369 invalidum,
633 2323 703 2359 mors
719 2306 775 2359 fato
788 2322 902 2375 propera
919 2305 959 2360 vel

160 2397 279 2436 noverca
297 2381 380 2435 liviae
398 2380 474 2434 dolus
492 2380 611 2448 abstulit,
629 2381 768 2451 Drusoque
788 2381 894 2450 pridem
917 2399 960 2435 ex·

162 2458 259 2512 stincto
271 2457 341 2512 Nero
359 2455 456 2510 soluse
471 2456 602 2545 privignis
620 2461 692 2510 erat:
712 2457 777 2510 illuc
793 2462 892 2512 cuncta
905 2474 960 2512 ver·

163 2551 242 2602 gere:
260 2533 340 2599 filius,
352 2532 481 2600 collega
472 2532 584 2600 rmper'ii,
596 2548 700 2586 consors
712 2533 862 2593 tribunicia
875 2540 960 2602 potes·

163 2609 229 2662 tatis
248 2608 405 2674 adsumitur,
425 2623 567 2676 omnesque
587 2625 634 2676 per
651 2609 783 2662 exercitus
803 2614 960 2675 ostentatur,

165 2701 219 2739 non
232 2683 356 2765 obscuris,
368 2688 400 2735 ut
411 2687 498 2750 antea,
509 2683 603 2737 matris
620 2683 730 2751 artibus,
744 2683 789 2738 eod
801 2684 892 2754 palam
904 2683 961 2738 hor·
