1866 2944
35 159 125 207 hm
134 84 182 210 m·
230 101 425 152 arsamum
443 103 479 151 11.
491 104 595 152 ra-aa.
787 105 818 156 ra

30 207 72 263 lat
61 213 113 264 tum
119 160 301 265 liermanicum
311 211 446 278 habebam,
456 213 489 268 ob
498 210 641 284 superbiam
650 211 758 280 Pitonia
767 213 820 284 qui,

27 287 112 357 jussus
123 289 223 356 partem
231 286 379 357 leffl'ouurn
371 307 425 360 rpse
435 293 480 344 aut
491 307 537 360 per
548 289 627 344 fliium
638 287 819 344 indmiam
876 341 880 352 ,

28 363 126 428 ducere,
138 367 278 433 utrumque
289 364 443 434 neglexerat
476 364 568 436 (tyrrhi
580 363 689 429 demum,
702 363 769 436 apud
782 365 844 428 iii-2

27 438 104 494 berna
118 405 231 493 decumae
246 438 361 510 legionis,
379 457 526 506 mutauere,
544 439 645 494 firmato
659 439 740 505 vultu,
757 441 819 496 Piso

27 515 147 570 &uersus
167 518 273 580 metum,
296 516 467 581 Germanicus,
489 533 522 570 ne
543 514 634 570 minari
656 515 818 584 crederetur3

26 596 52 646 et
68 596 131 656 erat,
144 594 175 644 ut
190 591 288 655 rettuli,
302 591 456 646 clementior.
492 589 542 646 Sed
559 591 641 656 amici,
654 591 842 648 accendendist

24 666 206 722 offensionibus
223 666 313 731 callidi,
331 667 463 722 intendere
478 685 546 732 rara,
563 685 683 738 aggerare
701 667 770 734 laisa,
783 669 819 739 ip

22 761 133 814 sumque
151 747 178 796 ct
196 741 343 798 Plancinam
359 747 387 797 et
404 743 469 798 dhes
486 743 563 798 variis
580 742 662 798 modis
683 744 817 799 criminari.

22 821 167 883 Postremo,
185 819 274 889 paucis
291 818 451 874 familiarium
472 819 600 884 adhibitis,
619 837 703 874 sermo
720 824 843 890 ooeptust

20 915 38 951 a
50 896 161 959 Caesare,
175 895 274 965 qualem
290 895 329 950 ira
343 900 370 950 et
387 895 555 950 dissimulatio
566 895 657 967 gignit,
671 914 819 966 responsum

20 991 37 1028 a
48 971 147 1026 Pisone
158 971 274 1041 precihus
287 972 493 1038 contumacibus3
512 971 733 1044 discesseruntque
749 991 819 1044 aper-

19 1049 57 1104 tis
74 1047 158 1102 odiis:
177 1051 285 1118 postque
305 1067 378 1104 rarus
397 1049 425 1103 in
441 1048 562 1103 tribunali
581 1049 689 1104 Casula
706 1050 774 1115 Piso,
791 1055 818 1106 et

19 1122 171 1195 siquando
194 1123 324 1190 assideret,
350 1129 423 1180 atrox
448 1143 478 1180 ac
499 1124 634 1180 dissentire
659 1127 817 1182 manifestus.

18 1202 84 1256 Vox
108 1217 210 1270 qnoque
230 1200 286 1271 ejus
310 1199 398 1256 audita
417 1204 457 1255 cst
481 1201 509 1256 in
529 1201 652 1267 mnrivio,
674 1219 731 1258 cum
751 1203 842 1274 spado

16 1295 111 1350 regem
124 1276 306 1332 Nabataeorum
318 1294 418 1332 corona
433 1295 515 1333 aurea
532 1294 624 1349 magno
641 1278 751 1348 pondere
763 1279 819 1335 Oe-

16 1355 75 1412 sari
93 1357 122 1408 et
139 1353 294 1424 Agrippinae,
311 1353 380 1408 leves
398 1354 486 1408 Pisoni
504 1358 531 1408 et
549 1354 641 1409 ceteris
658 1355 817 1420 offerrentur,

14 1429 149 1502 principis
161 1429 280 1494 Romam,
289 1447 341 1484 non
352 1429 443 1484 Parthi
454 1429 522 1500 regis
534 1429 585 1484 filio
598 1447 640 1484 aas
652 1430 739 1501 epulas
751 1431 817 1497 dari3

15 1505 170 1578 abjecitque
191 1505 267 1560 sinrul
284 1523 410 1570 coronam
423 1508 450 1560 et
467 1505 549 1560 multa
565 1505 593 1560 in
610 1505 700 1561 luxum
712 1505 817 1571 addidit,

14 1601 81 1654 quae
94 1582 254 1646 Gemanica,
265 1599 418 1652 quamquam
430 1580 526 1646 acerba,
539 1582 714 1637 tolerabantur
724 1587 817 1638 tamen.

13 1659 99 1714 Inter
118 1675 175 1727 qua
192 1656 223 1712 ab
240 1676 301 1728 rege
318 1657 471 1712 Parthorum
482 1658 614 1714 Artabano
628 1657 707 1727 legati
719 1674 816 1713 seuere.
827 1665 866 1720 58

12 1735 137 1791 Miserat
156 1734 293 1789 amicitiam
312 1752 342 1789 ac
363 1733 446 1789 soedus
466 1739 658 1798 memoratores,
681 1737 708 1788 et
726 1751 819 1804 cupere

12 1810 144 1866 renovari
160 1809 271 1874 dextras,
285 1809 456 1880 daturumque
473 1810 564 1866 honori
583 1808 727 1864 Germanici
743 1817 773 1864 ut
787 1811 819 1866 ri·

12 1905 82 1959 pam
101 1886 244 1957 Euphratis
262 1886 408 1941 accederet:
427 1890 514 1958 petere
530 1885 632 1941 interim
649 1903 681 1940 ue
699 1885 819 1943 Vonones

11 1963 46 2019 in
70 1961 149 2033 Syria
167 1962 311 2027 haberetur,
333 1981 385 2017 neu
402 1981 519 2034 proceres
535 1962 650 2034 gentium
671 1964 818 2035 propinquis

8 2039 124 2095 nuntiis
145 2038 178 2093 ad
200 2037 338 2093 discordias
362 2039 484 2094 traheret.
507 2057 510 2066 ·
532 2039 575 2094 Ad
598 2057 629 2094 aa
652 2041 841 2102 Germanicusa

9 2115 49 2170 de
68 2115 198 2170 societate
216 2115 392 2170 Romanorum
409 2115 613 2184 Parthorumque
630 2117 768 2188 magnilica,
786 2117 819 2172 de

8 2191 139 2248 adventu
162 2191 230 2261 regis
250 2194 277 2244 et
298 2191 370 2246 cultu
390 2191 431 2245 sui
450 2209 509 2247 cum
529 2190 619 2246 decore
638 2210 668 2247 ac
687 2193 819 2261 modestia,

6 2268 165 2340 respondit.
201 2268 323 2324 Vonones
339 2268 538 2338 Pompeiopolim
555 2268 650 2324 Cilicia
668 2271 841 2330 maritimama

6 2344 113 2400 urbem
126 2347 228 2399 amotus
241 2348 288 2400 est.
325 2344 423 2399 Datum
434 2344 461 2399 id
477 2362 529 2398 nou
544 2345 619 2400 modo
636 2346 753 2416 precihus
771 2346 820 2400 Ar·

6 2421 119 2486 tabani,
133 2420 180 2476 sed
191 2421 352 2476 contumeliae
363 2421 471 2486 Pisonis,
485 2421 527 2476 cui
538 2422 698 2493 gratissimus
717 2425 771 2476 erat
784 2420 817 2475 ob

5 2499 134 2570 plurima
145 2499 228 2554 officia
239 2501 266 2553 et
278 2497 351 2562 done,
366 2497 458 2568 quibus
469 2497 617 2552 Plancinam
629 2497 784 2552 devinxerat.
813 2541 816 2546 ,
840 2525 842 2534 ·

9 2613 13 2620 ·
45 2576 93 2630 M.
116 2575 212 2640 Silano,
227 2575 260 2628 L.
277 2574 401 2629 Norbano
425 2591 477 2628 cos.
492 2572 657 2626 Germanicus
672 2571 821 2636 ,AEgyptum
829 2577 865 2625 59

4 2652 196 2724 proficiscitur
216 2648 398 2720 cognoscendae
419 2647 587 2715 antiquitatis.
625 2642 675 2695 Sed
693 2655 754 2690 cura
767 2650 844 2698 ΡΜ
