1936 2968
136 143 184 192 ses
470 123 591 190 userrr'
932 191 936 198 .

777 201 815 250 [Δ.
823 202 856 243 U.
863 204 887 242 c.
895 201 943 244 ⁸1⁸.

134 252 268 309 nobilitate
285 251 466 323 disciplinaque
485 251 514 307 0.
527 251 616 316 Cassii,
634 249 703 322 apud
714 269 793 321 quem
811 251 943 307 educatus

135 333 198 396 erat,
211 328 244 384 ad
259 347 359 384 omnem
377 327 554 384 claritudinem
571 327 686 383 sublatus
711 328 854 398 imperium
872 329 942 384 inve·

135 405 224 471 deret3
250 408 368 476 prompte
392 403 490 459 deturn
511 403 637 474 †operem
658 404 703 475 qui
724 421 740 458 e
760 405 942 475 conjunctione

135 482 230 553 integri
247 485 341 546 essent,
356 481 451 551 quique
467 480 649 536 miserarentur
668 481 800 536 Neronem
815 485 942 552 tanquam

111 573 181 630 sper
197 558 279 614 scelus
296 557 468 612 interfectum.
505 557 623 628 Plerique
634 557 738 612 Vestini
756 575 865 628 quoque
883 575 942 612 oon-

137 635 199 690 sulis
218 652 276 689 acre
295 633 426 706 ingenium
446 633 568 689 vitavisse
581 634 702 689 Pisonem
720 632 899 702 crediderunt,
910 651 942 687 ne

137 710 169 765 ed
181 710 325 766 libertatem
341 715 465 776 oreretur,
478 710 519 765 vel
538 710 637 766 delecto
656 711 812 781 imperatore
833 709 886 764 clio
902 707 942 764 sui

113 787 249 845 tmuneris
261 805 315 842 rem
327 786 452 858 publicem
465 787 570 842 faceret.
600 786 704 842 Etenim
717 804 811 857 expers
821 786 941 857 conjura·

136 864 214 918 tionis
232 863 422 933 eret,quamvis
439 881 563 933 supereo
582 863 687 918 crimine
704 863 778 917 Nero
801 868 880 918 vetus
899 860 942 916 ud-

90 948 239 1004 53versum
254 940 382 994 insontem
399 937 486 993 odium
504 939 651 1010 expleverit.
689 937 806 993 Tandem
824 944 942 994 statuere

137 1016 288 1071 circensium
304 1014 423 1069 ludorum
442 1014 490 1079 die,
510 1016 555 1086 qui
569 1015 656 1070 Cereri
673 1015 829 1080 celebretur,
849 1014 942 1083 exequi

102 1103 106 1110 '
138 1090 266 1146 destinata
273 1113 281 1157 ;
300 1091 359 1162 quia
372 1091 465 1156 Cesar,
475 1109 547 1146 rarus
559 1110 671 1162 egressu,
684 1091 813 1162 domoque
827 1096 874 1145 cut
884 1091 942 1144 bor-

136 1168 171 1222 tis
192 1167 301 1235 clausus,
313 1166 347 1221 sd
361 1167 460 1222 ludicra
477 1168 538 1222 circi
553 1167 703 1231 ventitabat,
715 1167 942 1237 promptioresque

114 1243 221 1298 2aditus
234 1250 308 1298 erent
326 1243 417 1298 letitia
432 1243 577 1314 spectaculi,
615 1242 735 1299 Ordinem
752 1243 856 1298 insidiis
873 1261 943 1297 corn·

138 1325 278 1390 posuerant
296 1323 326 1374 ut
344 1319 495 1385 Lateranus,
514 1320 587 1390 quasi
605 1319 747 1376 subsidium
764 1319 805 1374 rei
821 1317 944 1374 familiari

137 1399 229 1462 oraret,
252 1395 461 1466 deprecabundus
488 1400 514 1451 et
535 1397 643 1467 genibus
664 1395 786 1466 principis
812 1394 942 1461 accidens,

137 1475 310 1543 prosterneret
318 1473 449 1527 incautum
459 1477 641 1542 premeretque,
651 1472 728 1526 animi
736 1470 838 1526 validus
848 1475 876 1525 et
887 1489 943 1524 eor·

115 1561 129 1609 3
138 1566 199 1619 pore
219 1548 317 1618 ingens.
354 1547 421 1602 'Pum
436 1547 563 1618 jacentem
580 1551 608 1602 et
625 1547 776 1618 impeditum
794 1546 898 1601 tribuni
915 1551 944 1600 et

139 1625 299 1680 centuriones
307 1632 334 1679 ct
342 1628 493 1690 ceterorum,
500 1627 530 1678 ut
538 1624 645 1694 quisque
657 1623 784 1678 cudendae
796 1623 942 1688 habuisset,

139 1705 301 1756 accurrerent
312 1699 522 1770 trucidarentque
529 1722 537 1766 ;
555 1701 650 1770 primas
658 1700 707 1754 sibi
717 1704 807 1770 partes
820 1704 944 1770 expostu-

139 1777 208 1832 lante
217 1777 338 1841 Scaevino,
349 1776 393 1846 qui
405 1776 543 1847 pugionem
554 1776 649 1844 templo
658 1775 753 1830 Salutis
763 1775 805 1845 (in
812 1775 942 1845 Etruriu)

140 1856 201 1921 sive,
214 1859 245 1910 ut
258 1854 300 1910 clii
311 1853 447 1919 tradidere,
460 1854 581 1909 Portunus
596 1854 735 1909 Ferentino
747 1855 774 1908 in
787 1853 888 1925 oppido
901 1853 943 1909 dc·

116 1935 261 1996 strueret,
271 1930 438 2002 gestabatque
445 1931 516 1986 velut
525 1948 618 2002 magno
626 1931 696 2000 operi
703 1947 814 1984 sacrum.
830 1929 942 1986 Interim

140 2007 201 2062 Piso
211 2007 279 2078 apud
290 2007 370 2062 eedem
386 2005 487 2061 Cereris
499 2007 666 2077 opperiretur,
676 2004 744 2060 unde
753 2024 818 2060 eum
835 2007 942 2076 praefec·

140 2089 184 2138 tus
193 2083 294 2139 Penius
304 2087 331 2138 et
344 2083 422 2138 ceteri
432 2083 542 2137 accitum
553 2083 649 2138 ferrent
657 2082 685 2137 in
696 2085 789 2146 castre,
800 2083 941 2138 comitante

141 2161 254 2215 Antonia
265 2158 365 2214 Claudii
378 2159 485 2213 Ceseris
497 2158 549 2214 filie
565 2159 598 2212 ed
614 2157 765 2214 eliciendum
781 2159 860 2230 vulgi
875 2159 941 2214 fevo·

119 2247 211 2301 crem;
230 2235 298 2306 qnod
317 2234 348 2289 C.
357 2234 456 2289 Plinius
473 2238 605 2290 memorat.
639 2233 723 2288 Nobis
742 2231 941 2304 quoquomodo

141 2310 266 2366 traditum
274 2327 326 2364 non
333 2309 460 2364 occultare
471 2311 499 2364 in
508 2310 593 2364 animo
604 2309 661 2376 suit,
671 2309 788 2378 quemvis
802 2309 942 2364 absurdum

140 2386 269 2440 videretur
281 2390 327 2438 eut
338 2386 439 2438 inanem
451 2384 484 2438 ad
495 2403 566 2454 spem
577 2383 717 2438 Antoniam
728 2399 828 2437 nomen
840 2387 871 2439 et
882 2383 943 2455 peri

140 2461 226 2513 culum
235 2459 442 2523 commodavisse,
453 2464 498 2514 cut
506 2461 634 2524 Pisonem,
643 2463 735 2513 notum
744 2476 837 2513 amore
849 2461 942 2524 uxorin,

140 2533 183 2585 elii
194 2533 354 2586 matrimonio
367 2552 395 2587 se
407 2534 583 2604 obstrinxisse,
595 2535 646 2590 nisi
657 2535 680 2588 si
688 2533 785 2604 cupido
796 2533 943 2592 dominnrdi

93 2605 132 2654 54
140 2605 238 2687 cunctis
256 2606 388 2660 affectibus
410 2609 561 2678 flagrantior
585 2615 634 2666 est.
671 2609 723 2664 Sed
745 2610 847 2665 mirum
873 2631 944 2684 quun

138 2681 206 2732 enter
223 2677 316 2733 diversi
327 2682 437 2749 generis,
451 2683 556 2752 ordinis,
575 2686 668 2752 estatis,
685 2704 773 2754 sexus,
793 2687 875 2757 dites,
888 2707 945 2762 pur·
