2026 2992
47 210 151 260 M]
245 147 644 201 ANNALIUM111.2s-2⁷.
793 149 839 202 m

46 259 115 314 Silani
126 260 264 328 dissoluto,
280 279 338 332 quse
350 262 484 332 Augrrstus
492 259 624 316 voluisset.
660 259 722 315 Fuit
733 261 842 332 posthns

44 335 142 402 lumbe,
154 356 244 410 neque
256 340 369 393 honorus
381 337 489 408 adeptus
502 341 551 392 est.

72 413 192 469 Relstum
210 414 309 470 deinde
324 413 356 470 de
372 413 528 468 moderando
538 413 618 484 Pepis
632 413 751 484 Poppsu
764 425 886 484 qusm25

44 489 118 544 senior
127 492 282 562 Augustus,
294 495 354 562 post
366 490 447 546 Julim
464 490 615 560 rogationes,
628 489 764 546 ineitmdis
775 489 840 546 oteli-

43 565 94 620 bum
106 569 188 638 poenis
200 572 231 624 et
244 567 365 640 augendo
377 567 466 622 erario
478 571 603 622 muneret
640 566 698 622 Neo
709 565 766 622 ideo
781 576 863 624 oon-2

39 643 103 712 jugie
113 647 140 698 et
152 645 327 700 macedones
338 643 446 699 liberum
458 642 692 714 oequmobmlm
704 642 841 714 prevalide

40 719 157 775 orbitate:
185 725 309 776 osterum
330 718 470 774 multitudo
488 719 686 790 periclitantium
707 718 839 790 glisoebst,

39 813 91 849 cum
103 799 186 852 omnis
199 799 298 853 domus
315 796 457 851 deletorum
469 794 724 866 interpretationibus
735 795 840 850 subver-

37 877 142 940 temtum
160 878 250 946 utque
265 875 372 928 antehae
381 872 493 944 flagitiis,
506 873 544 927 its
556 877 620 928 turm
632 871 732 944 umbus
743 871 840 927 lsbors-

39 949 117 1005 batur.
153 951 194 1005 Es
206 970 254 1007 res
267 951 385 1006 admonet
397 953 428 1004 ut
441 949 473 1003 de
484 948 614 1020 principiis
624 949 699 1022 juris,
708 952 736 1004 et
747 947 862 1020 quibust

37 1025 115 1080 modis
133 1027 168 1081 ad
187 1029 262 1083 hane
281 1026 470 1082 multitudinem
490 1026 614 1080 inlinitum
638 1043 668 1080 so
692 1025 840 1080 vsrietstem

38 1101 119 1174 legum
142 1108 304 1174 perventum
331 1105 373 1170 sit,
398 1103 475 1157 ultius
498 1103 628 1158 disseram
664 1099 885 1158 vmmussmiso

40 1183 188 1252 mortalium,
201 1183 278 1238 nullu
294 1182 377 1237 sdhuo
393 1181 461 1235 mels
477 1181 590 1246 libidine,
603 1181 658 1235 sine
674 1178 774 1250 probro,
788 1197 840 1236 soe·

39 1258 95 1323 lere,
107 1277 189 1330 eoque
204 1260 265 1314 sine
277 1276 352 1330 poene
361 1261 406 1312 sut
418 1257 620 1322 oo'e‘roitionibus,
634 1256 750 1328 egebunt.
787 1256 863 1314 Neu

41 1353 86 1404 que
104 1337 219 1406 premiis
241 1353 307 1407 opus
325 1339 389 1400 erut,
414 1351 471 1389 oum
494 1335 604 1390 honesta
626 1337 718 1404 suopte
737 1333 840 1404 ingenio

41 1415 204 1480 peterentur3
225 1416 255 1468 et
271 1413 317 1467 ubi
331 1412 396 1466 nihil
413 1415 501 1466 eontra
513 1429 610 1466 morem
628 1413 758 1482 superent,
777 1411 841 1465 nibil

41 1506 82 1558 per
98 1493 198 1544 metum
211 1490 378 1545 vetabuntur.
415 1490 451 1542 At
468 1493 604 1560 postquem
622 1487 682 1542 exui
700 1487 862 1558 equalibus

42 1569 66 1618 et
76 1585 121 1636 pro
132 1567 266 1622 modestis
277 1585 307 1621 ao
318 1565 416 1637 pudore
428 1565 532 1622 ambitio
543 1569 571 1620 et
582 1565 621 1620 ris
633 1563 774 1629 inoedebet,
783 1581 840 1634 pro

42 1659 128 1698 venere
139 1644 341 1708 dominationes,
354 1642 498 1714 multosque
511 1642 579 1714 apud
590 1641 698 1713 populos
715 1645 841 1695 oeternum

43 1736 159 1776 mansere.
199 1719 317 1780 Quidum
329 1720 425 1784 stetim,
438 1721 482 1774 sut
496 1721 633 1791 postquem
644 1735 734 1789 regum
750 1719 840 1788 perte·

43 1813 103 1861 sum,
122 1797 197 1870 leges
219 1797 377 1852 meluerunt.
412 1796 462 1851 Hm
482 1797 565 1867 primo
585 1793 692 1849 rudibus
709 1793 863 1849 homiuuml

43 1873 127 1928 animis
155 1874 288 1945 simpliees
313 1875 404 1938 erent;
432 1874 592 1942 nummoque
614 1871 683 1926 fame
705 1869 842 1926 celebravit

43 1949 212 2016 Cretensium,
225 1969 290 2022 ques
302 1951 399 2015 Minos,
411 1949 600 2020 Spartanorum,
614 1965 677 2018 ques
688 1945 839 2017 Lycurgum

42 2043 69 2080 eo
85 2045 144 2082 mox
162 2026 370 2082 Atheniensibus
388 2027 545 2097 quesitiores
560 2026 613 2096 jem
631 2027 658 2078 et
676 2023 761 2094 plnres
780 2022 840 2078 Solo

42 2104 197 2175 perscripsit.
233 2102 320 2158 Nobis
332 2103 465 2168 Romulus,
473 2106 503 2156 ut
515 2102 624 2166 libitum,
634 2099 824 2172 imperitereret
832 2111 862 2158 ιδ

44 2177 98 2234 dein
105 2181 198 2236 Nnmu
207 2179 376 2252 religionibus
385 2183 411 2234 et
423 2179 508 2234 divino
517 2179 576 2249 jure
587 2175 709 2248 populum
717 2175 839 2240 devinxit,

44 2255 495 2404 rteprbitubqbblbffletoihtfleguid
511 2251 863 2400 tibtoquibebtibbioirbssbs

48 2407 258 2480 obtemperarent.
305 2408 385 2462 Pulso
407 2407 552 2480 Tarquinio,
577 2405 711 2460 adversim
738 2408 886 2474 patrumm

49 2484 166 2542 laetiores
187 2486 272 2541 multu
292 2485 401 2556 populns
422 2483 530 2555 possut,
547 2481 649 2536 tuendm
668 2480 795 2534 libertatis
815 2483 841 2531 et

50 2561 171 2618 firmandse
196 2561 355 2627 oonoordiae;
381 2560 511 2629 mestique
534 2555 678 2617 deoemviri,
700 2557 735 2615 et,
755 2550 844 2604 amieis

50 2655 99 2706 quae
109 2657 223 2710 nequem
240 2637 352 2709 egregie,
365 2635 513 2705 pompositte
524 2628 659 2685 duodecim
673 2625 775 2708 tabule,
787 2621 845 2672 finis

49 2715 193 2787 equijmls.
232 2713 304 2769 Num
315 2715 411 2768 secute
422 2711 501 2779 leges,
515 2705 565 2760 etsi
578 2699 713 2770 uliqunndo
728 2712 757 2747 m
771 2689 869 2744 mals-2
