1860 2956
22 193 138 242 Lm]
222 133 417 182 sasamon
433 133 620 184 mura-17.
769 135 814 182 an

18 263 70 315 pes,
85 261 156 314 quas
175 241 234 297 boni
248 243 407 308 necessitate,
423 244 621 314 intemperantes
635 241 715 313 gloria
731 259 819 296 consu-

18 325 129 376 merent.
172 319 236 374 Inde
247 319 353 390 gliscere
364 320 461 390 flagitia
479 323 505 374 et
517 319 620 374 infamia
628 341 636 384 3
654 336 701 373 nec
710 317 762 372 ulla
771 309 847 372 mo-4

17 397 89 452 ribus
109 395 178 450 olim
195 396 321 465 corruptis
338 395 396 466 plus
413 394 545 450 libidinum
563 394 728 449 circumdedit
747 412 822 464 quarn

16 471 59 527 flla
80 471 220 527 colluvies.
255 471 308 525 Vix
328 471 426 526 artibus
446 471 560 525 honestis
581 470 663 540 pudor
680 470 846 538 retinetur;5

15 548 113 603 nedum
130 548 203 601 inter
219 547 357 601 certamina
369 547 490 601 vitiorum
501 546 624 616 pudicitia
641 550 686 600 aut
698 546 822 602 modestia

15 629 61 680 aut
87 624 233 694 quicquam
256 623 329 693 probi
352 623 430 676 moris
454 627 633 677 reservaretur.
670 618 845 680 Postremus6

14 700 71 770 ipse
84 717 182 754 scenas
194 698 298 763 incedit,
307 698 388 754 multa
399 717 460 752 cura
471 703 574 753 tentans
587 698 709 753 citharam
721 704 747 753 et
759 718 820 770 prae

13 777 150 830 meditans
176 774 362 829 assistentibus.
398 774 488 829 Facies
509 778 649 830 accesserat
667 775 756 829 cohors
775 770 844 830 mi-⁷

13 850 98 916 litum,
128 851 295 906 centuriones
315 849 470 920 tribunique,
491 855 518 904 et
542 868 647 905 merens
671 851 769 904 Burrus
791 870 819 906 ac

12 927 135 982 laudans.
174 926 300 996 Tuncque
314 927 423 996 primum
435 926 572 996 conscripti
586 935 646 980 sunt
658 925 755 997 equites
767 927 818 981 Ro-
829 925 843 970 8

12 1005 84 1058 mani
102 1007 280 1073 cognomento
296 1004 501 1072 Acpestanorum,
520 1006 596 1056 [etate
613 1020 642 1056 ac
658 1001 748 1056 robore
760 1020 819 1057 con-

13 1079 107 1148 spicui,
131 1084 160 1132 et
178 1096 239 1148 pars
256 1078 358 1148 ingenio
376 1095 503 1147 procaces,
523 1078 565 1131 alii
581 1078 672 1148 inape
690 1078 817 1148 potentiae.

12 1155 109 1210 Iidies
124 1173 156 1210 ac
168 1158 259 1209 noctes
275 1153 405 1224 plausibus
420 1150 563 1224 personare,
579 1155 684 1209 sormam
698 1153 841 1225 principis9

11 1249 160 1302 vocemque
174 1230 250 1284 dedan
262 1229 390 1284 vocabulis
408 1229 580 1300 appellantes;
599 1232 671 1301 qnasi
682 1250 728 1301 per
739 1231 817 1286 virtu·

11 1313 66 1362 tem
79 1309 148 1363 clari
159 1306 329 1376 honoratique
342 1325 424 1376 agere.
460 1307 502 1361 Ne
511 1312 596 1362 tamen
605 1306 707 1362 ludicre
716 1311 817 1362 tantum
830 1300 864 1352 16

11 1383 185 1454 imperatoris
204 1385 272 1436 artes
290 1385 458 1447 notescerent,
477 1383 616 1437 carminum
639 1401 740 1454 quoque
763 1389 816 1438 stu-

12 1458 84 1514 dium
90 1459 236 1522 affectavit,
242 1459 378 1512 contractis
387 1458 478 1528 quibus
489 1458 702 1530 aliquapaugendi
709 1459 816 1516 facultas

10 1555 58 1592 nec
74 1537 144 1590 dum
158 1535 275 1605 insignis.
311 1535 428 1604 'frutetis
449 1537 503 1590 nati
518 1537 553 1604 (t
569 1540 632 1590 aetia
649 1542 715 1590 nota.
738 1537 777 1591 Hi
788 1533 840 1606 Μ

12 1613 155 1668 considere
175 1610 258 1674 simul,
278 1615 304 1664 et
322 1611 410 1665 allatos
428 1610 470 1665 vel
485 1611 578 1666 ibidem
595 1617 709 1683 repertos
726 1631 815 1668 versus

10 1693 183 1752 rmnnecterc,
202 1690 280 1756 atque
300 1687 380 1756 ipsius
398 1687 474 1741 verba
496 1706 596 1758 quoquo
620 1689 694 1744 modo
718 1688 816 1759 prolata

9 1767 145 1837 supplere.
185 1762 263 1822 Quod
280 1763 376 1832 species
388 1763 444 1833 ipsa
460 1765 599 1818 carminum
611 1765 692 1829 docet,
705 1783 757 1819 non
770 1763 839 1819 ini-³

9 1847 78 1914 petu
90 1847 121 1896 et
134 1839 262 1895 instinctu
273 1857 321 1893 nec
333 1857 376 1893 cre
388 1857 439 1893 uno
457 1840 546 1894 fluens.
581 1841 668 1895 Etiam
685 1841 815 1911 sapientie

10 1918 170 1974 doctoribus
182 1919 283 1986 tempus
296 1915 457 1985 impertiebat
469 1920 527 1986 post
539 1917 633 1986 epulas,
644 1917 745 1987 †utqne
758 1935 815 1972 con·

7 1997 93 2052 traria
110 1996 260 2049 asseverant
277 1996 334 2046 tum
353 1991 483 2046 discordiae
500 1996 617 2046 rueretur
636 1995 675 2061 (ut
692 1997 736 2064 qai
760 2011 815 2047 ecn-

9 2076 99 2126 traria
117 2071 311 2126 asseverantium
329 2071 454 2124 discordia
473 2074 625 2123 recrearetur
636 2068 678 2137 l):
704 2087 751 2124 nec
772 2069 815 2123 de-

7 2151 87 2202 erant
106 2147 154 2218 qni
172 2163 216 2199 ore
228 2145 351 2216 vultuque
369 2145 439 2200 tristi
459 2145 526 2200 inter
543 2144 728 2200 oblectamenta
744 2147 815 2216 regia

7 2225 128 2294 spectari
141 2225 273 2291 cuperent.

46 2299 106 2354 Sub
125 2297 195 2352 idem
212 2301 314 2368 tempus
331 2297 381 2352 levi
398 2297 471 2351 initio
488 2302 562 2352 atrox
578 2297 658 2352 caedes
675 2301 731 2352 orta
747 2297 813 2353 inter
825 2290 861 2347 17

8 2377 120 2432 colonos
149 2373 294 2428 Nucerinos
317 2374 543 2444 Pompeianosque,
568 2374 719 2445 gladiatorio
743 2391 814 2444 spec-

9 2452 110 2516 taculo,
132 2449 202 2519 quod
218 2449 349 2504 Livineius
368 2449 491 2520 Regulus,
511 2469 586 2520 quem
605 2456 703 2505 motum
724 2453 814 2503 senatu

9 2527 114 2591 rettuli,
129 2525 230 2580 edebat.
267 2525 369 2595 Quippe
386 2525 511 2595 oppidana
526 2527 630 2581 lascivia
641 2527 668 2580 in
684 2526 763 2578 vicem
776 2522 837 2577 in·2

9 2609 150 2662 macutes
162 2602 261 2672 probra,
275 2602 334 2656 dein
343 2621 410 2666 saxa,
423 2610 552 2672 postremo
564 2604 659 2657 ferrum
672 2617 812 2665 sumpsere,

10 2681 140 2738 validiore
156 2679 370 2748 Pompeianorum
384 2676 465 2748 plebe,
482 2677 549 2748 apud
566 2693 630 2746 qnos
642 2670 814 2740 spectaculum
