1936 2968
223 137 418 188 ANNALIUM
435 137 491 185 XV.
509 137 611 184 29-35.
771 137 818 186 858

26 201 305 332 ibniiiiiiiianstulit.
341 249 465 320 Equitum
476 248 651 302 Bomanmum
662 245 731 301 locos
739 245 820 301 sedili-

28 337 74 392 bus
92 328 177 405 plcbia
197 325 342 396 anteposuit
359 324 426 395 apud
442 324 544 379 aucum.
580 323 700 394 Namque
718 322 751 377 ud
766 334 847 380 eamn

26 413 94 468 diem
114 403 250 462 indiscreti
268 402 374 468 inibant,
394 401 453 473 quia
472 401 515 455 lex
531 400 627 455 Roscia
643 400 707 455 nibil
723 400 772 454 uisi
791 399 822 454 de

27 479 236 561 quattuordecim
260 479 390 533 ordinibus
415 477 507 532 sanxit.
556 477 706 547 Spectacula
729 476 848 548 gladia-3

25 572 114 621 torum
126 557 196 614 idem
209 574 290 611 annus
302 555 399 620 babuit,
411 555 468 625 pari
482 553 670 624 magnificentia
688 572 717 609 ac
732 555 824 625 priora

27 639 80 697 sed
107 633 261 691 seminarum
284 632 421 686 illustrium
446 635 642 701 senatorumque
665 629 750 701 plures
779 649 826 702 par

25 731 133 772 arenam
146 709 235 764 foedati
247 713 315 764 sunt.

64 792 98 846 C.
110 785 239 853 Laecanio,
259 785 298 840 Μ.
311 784 411 840 Licinio
429 784 585 849 oonsulibus,
602 783 698 839 acriore
721 784 749 839 in
772 783 826 838 dies
837 789 873 842 33

26 865 153 939 cupidine
174 854 324 932 adigebatur
345 862 415 917 Nero
434 862 591 932 promiscuas
607 879 696 916 scenas
711 860 898 932 frequen-auc-

24 942 112 1000 tandi.
150 938 219 993 Nam
240 937 322 992 adhue
340 957 385 1009 per
404 938 508 992 domum
526 941 571 994 aut
588 938 675 994 hortos
694 939 827 1002 cecinerat,
836 918 881 1006 ffl

22 1016 195 1096 juvenalibus
207 1015 282 1081 ludis,
296 1034 359 1086 quos
371 1019 401 1070 ut
413 1035 502 1086 parum
515 1015 626 1070 celebres
639 1020 665 1070 et
678 1021 756 1071 tenta
772 1017 827 1071 voci
846 1017 878 1055 ⁶4·

26 1100 161 1170 angustos
174 1093 316 1164 spernebat.
352 1093 414 1147 Non
425 1097 511 1148 tamen
523 1093 612 1148 Romae
621 1093 731 1164 incipere
743 1111 827 1158 ausus,
839 1111 853 1157 2

25 1171 174 1244 Neapolim
192 1171 263 1241 quasi
282 1171 393 1226 Graecam
412 1170 501 1225 urbem
522 1169 632 1240 delegit:
651 1169 711 1224 iude
728 1171 830 1225 initium

24 1255 90 1308 fore
108 1252 142 1302 nt
162 1251 336 1318 transgressus
351 1247 379 1301 in
396 1247 525 1312 Achaiam,
544 1247 707 1318 insignesque
723 1251 749 1302 et
767 1248 831 1302 auti·

25 1328 126 1401 quitus
153 1341 236 1378 sacras
265 1341 369 1379 coronas
394 1323 509 1394 adeptus,
531 1325 627 1395 majore
656 1325 724 1380 fama
747 1325 832 1380 studia

25 1404 130 1461 civium
144 1399 253 1455 eliceret.
290 1400 360 1472 Ergo
369 1403 528 1455 contractum
538 1400 720 1471 oppidanorum
730 1402 830 1474 vulgus,
842 1417 857 1462 3

25 1486 56 1537 et
73 1495 145 1550 quos
158 1495 172 1531 e
184 1476 305 1547 proximis
317 1477 422 1532 coloniis
434 1481 461 1531 et
477 1476 620 1547 municipiis
639 1479 694 1548 ejus
712 1479 749 1532 rei
765 1480 833 1533 fama

24 1558 145 1618 oiverat,
159 1554 252 1625 quique
265 1553 390 1608 Cursarem
406 1572 453 1625 per
469 1554 591 1608 honorem
607 1558 652 1608 aut
670 1555 752 1608 varios
770 1574 833 1610 usus

24 1634 181 1694 sectantur,
201 1631 277 1684 etiem
295 1629 404 1684 militum
420 1629 549 1700 manipuli,
568 1630 697 1685 theatrum
715 1631 834 1702 Neapoli-

23 1716 161 1765 tanorum
186 1707 320 1778 complent.
357 1707 421 1772 Illic,
447 1706 560 1777 plerique
584 1706 883 1774 ut'arbitrabantnr,34

23 1786 122 1848 triste,
143 1786 173 1836 ut
185 1783 247 1853 ipse,
260 1782 393 1854 providum
410 1784 496 1854 patius
513 1787 540 1837 et
558 1783 676 1838 secundis
690 1784 836 1840 numinibus

22 1862 145 1919 evenit:
163 1878 222 1914 nam
238 1877 348 1931 egress0,
367 1860 411 1931 qui
430 1860 545 1924 affuerat,
566 1860 659 1931 populo
678 1879 786 1918 vacuum
809 1866 836 1917 et

21 1941 91 1995 sine
113 1935 196 1990 ullius
219 1954 286 1990 nora
306 1937 435 1990 theatrum
457 1937 595 2006 collapsum
616 1942 664 1992 est.
692 1939 772 2011 ⁸lingo
792 1951 860 2011 pert

21 2012 200 2084 compositos
212 2016 302 2067 cantus
315 2017 401 2084 grates
414 2013 456 2067 dis
469 2016 635 2086 atqueipsam
643 2017 752 2072 recentis
764 2035 838 2073 casus

19 2093 174 2147 fortunam
198 2088 334 2154 celebrans,
360 2091 539 2161 petiturusque
562 2092 640 2146 maris
659 2093 764 2150 Hadriae
788 2099 839 2150 tra

15 2170 134 2240 jectus,
147 2165 215 2236 apud
228 2167 405 2221 Beneventum
423 2167 525 2222 interim
537 2169 669 2236 consedit3
687 2171 732 2227 ubi
746 2172 839 2244 gladia

18 2243 138 2300 torium
165 2260 259 2296 munus
280 2261 295 2296 a
312 2242 417 2298 Vatinio
436 2244 534 2299 celebre
553 2244 683 2302 edebatur.
722 2249 861 2306 Vatinius3

17 2322 105 2376 inter
119 2318 265 2374 foedissima
276 2319 331 2391 ejus
344 2320 408 2376 aulae
421 2324 523 2375 ostenta
534 2321 592 2387 fuit,
606 2324 710 2380 sutrinae
727 2326 839 2382 tabernae

17 2397 173 2460 alumnus,
188 2413 293 2467 corpore
305 2396 414 2462 detorto,
428 2397 526 2452 facetiis
542 2399 700 2468 scurrilibus,
715 2403 797 2472 primo
813 2403 841 2456 in

16 2471 213 2528 contumelias
226 2476 372 2544 assumptus
383 2493 390 2538 ;
409 2472 500 2527 debinc
512 2474 602 2545 optimi
616 2476 740 2547 cujusque
758 2478 840 2533 orimi-

14 2549 146 2606 natione
160 2565 193 2603 eo
208 2567 290 2620 usque
307 2550 388 2604 valuit
402 2553 433 2604 ut
450 2550 540 2621 gratia,
558 2553 673 2622 pecunia,
690 2553 716 2606 vi
733 2552 840 2606 nocendi

14 2625 118 2680 etiam
133 2623 217 2679 malos
228 2625 397 2696 premineret.
421 2626 487 2696 Ejus
499 2644 591 2681 munus
603 2628 776 2697 frequentanti
782 2628 839 2680 ·Ne-
847 2639 884 2689 35

13 2702 88 2758 roni
104 2718 145 2755 ne
158 2701 229 2756 inter
239 2701 384 2773 voluptates
397 2701 499 2772 quidem
511 2721 526 2756 a
538 2703 673 2756 sceleribus
685 2700 838 2756 cessabatur.

34 2800 113 2832 iac..
126 2801 186 2830 ron.
198 2801 216 2831 1.
417 2795 436 2832 A
448 2797 463 2832 a

935 2784 952 2824 A
