1866 2944
28 212 118 257 mn·
226 151 420 202 ANNALIUM
438 155 474 202 ll.
488 156 590 205 47-52
783 153 813 206 75

23 264 78 337 lege
96 215 168 318 uilio
185 262 282 316 visum:
301 262 442 333 majestatis
466 264 561 319 crimen
584 265 707 336 distingui
731 263 816 318 Cesar

22 339 169 414 postulauit,
193 337 362 407 damnarique,
381 340 470 410 siqua
487 340 520 395 dc
540 342 659 412 Angusto
676 339 816 410 irreligiose

22 417 139 472 dixisset:
152 413 217 467 inse
223 413 364 483 jactanolle
376 414 684 486 adcognitioncmvocari.
702 415 838 472 Inteurct

21 497 97 564 gntus
109 509 125 546 a
137 488 244 544 consule
257 488 318 558 quid
332 489 363 543 de
375 489 406 544 iis
418 497 533 546 censeret
550 509 606 562 qum
617 491 649 546 de
661 495 741 546 matre
759 491 815 561 ejus

20 570 106 625 locuta
117 583 193 622 secus
206 568 362 636 argueretur,
375 566 494 633 reticuit;
513 567 571 622 dein
582 567 697 638 proximo
712 571 816 622 senatus

21 646 61 700 die
81 644 153 700 illins
171 657 272 711 qnoque
288 641 390 696 nornine
407 643 490 697 oravit
507 661 539 698 ne
557 644 599 698 cui
615 641 693 698 rerba
715 643 743 697 in
760 659 816 696 eum

18 738 123 793 quoquo
135 717 213 772 modo
225 716 312 771 habita
327 718 425 772 crimini
442 719 534 774 iurent.
570 718 751 789 Liberavitque
765 721 838 788 Aps

17 797 132 870 puleium
156 793 214 864 lege
237 793 392 863 majestatis:
415 794 533 850 adulterii
556 794 697 866 graviorem
717 811 816 863 poensm

17 875 184 944 deprecatus,
203 871 234 922 ut
254 869 369 940 exemplo
384 871 507 941 majorum
524 870 672 942 propinquis
684 869 738 924 suis
750 868 818 922 ultra

16 946 227 1004 ducentesimum
244 943 353 1014 lapidem
376 951 548 1002 removeretur
569 947 657 1001 sunsit.
693 944 839 1000 Adulterot

15 1025 121 1082 Manlio
133 1023 213 1078 Italia
224 1025 300 1091 utque
312 1022 400 1078 Africa
411 1024 574 1079 interdictum
583 1027 631 1078 est.

52 1103 97 1157 De
115 1101 227 1170 praetore
251 1098 385 1153 inlocum
408 1100 529 1170 Vipstani
552 1099 626 1164 Galli,
652 1117 725 1170 quem
749 1097 860 1153 morsdl

15 1176 173 1239 abstulerat,
187 1172 348 1244 subrogando
360 1179 488 1230 certamen
505 1175 617 1231 incessit.
654 1175 840 1230 Germanicum

15 1259 99 1325 utque
111 1253 216 1306 Drusus
229 1251 387 1319 (nemetiam
398 1255 455 1305 tum
468 1254 556 1308 Bornae
572 1253 665 1320 erant)
682 1251 819 1307 Haterium

13 1331 174 1402 Agrippam,
199 1326 370 1398 propinquum
394 1328 544 1394 Germanici,
571 1329 705 1384 invehant:
730 1331 820 1383 contra

12 1409 139 1481 plerique
151 1404 300 1460 nitebantur
311 1409 342 1460 ut
353 1424 474 1462 numerus
490 1407 626 1462 liberorum
638 1407 665 1462 in
679 1405 819 1462 candidatis

11 1483 193 1557 praepolleret,
219 1481 288 1552 quod
310 1482 350 1536 lex
373 1483 487 1554 jubebat.
523 1484 672 1544 Iiaetubutur
694 1482 841 1547 inienuus

12 1580 78 1617 curn
88 1561 160 1614 inter
169 1557 234 1612 filios
246 1557 302 1629 ejus
311 1561 338 1612 et
349 1559 419 1630 leges
432 1564 535 1616 senatus
545 1561 705 1630 disceptaret.
742 1559 820 1612 Victo

12 1645 59 1694 est
73 1637 133 1690 sine
146 1633 223 1688 dubio
234 1634 284 1698 lex,
295 1635 340 1689 sed
352 1654 434 1707 neque
447 1637 533 1692 stetim
546 1640 572 1692 ct
584 1636 671 1708 paucis
683 1633 818 1704 suffragiis,

11 1710 160 1785 quomodo,
174 1711 251 1764 etium
264 1728 321 1765 oum
333 1711 454 1779 valerent,
467 1714 536 1786 leges
548 1712 723 1768 vincebantur.

13 1821 17 1826 -
52 1787 159 1842 Eodem
171 1804 237 1840 anno
249 1790 360 1857 coeptum
372 1788 400 1842 in
410 1789 498 1844 Africa
511 1789 613 1853 bellum,
633 1785 698 1840 duce
709 1783 819 1838 hostium
828 1795 865 1848 52

10 1863 194 1919 Tacfarinate,
231 1862 259 1916 Is
277 1863 380 1918 natione
400 1865 520 1931 Numida,
539 1865 568 1920 in
591 1861 681 1918 castris
699 1859 844 1916 Romanii

13 1938 161 1995 auxiliaris
179 1937 306 2008 stipendio
323 1940 438 2006 meritus,
457 1959 519 1996 mox
535 1939 657 2003 desertor,
675 1955 752 2009 vegos
772 1936 822 2008 pri-

11 2029 96 2072 inum
109 2017 139 2068 et
150 2014 288 2069 latrociniis
301 2019 388 2072 suetos
401 2017 433 2071 ad
444 2017 554 2088 praedam
570 2019 597 2070 ct
615 2017 703 2086 raptus
719 2032 822 2085 congre-

9 2109 92 2164 gare,
108 2089 169 2144 dcin
180 2109 250 2145 more
259 2091 356 2146 militine
365 2111 410 2163 per
419 2091 512 2148 uexillo
520 2097 546 2147 ct
557 2096 655 2146 turmas
664 2107 821 2162 componere,

8 2171 157 2240 postremo
169 2184 221 2220 non
238 2167 373 2223 inconditae
388 2168 470 2223 lurbae
482 2169 527 2222 sed
541 2167 752 2222 Musulamiorum
770 2166 823 2219 dun

8 2243 124 2298 haberi.
160 2242 253 2296 Valida
264 2261 294 2298 ea
306 2263 369 2314 gens
381 2247 408 2298 et
426 2243 605 2298 solitudinibus
617 2243 710 2297 Africae
721 2241 844 2313 propin-3

9 2317 309 2390 quunnlloetiumtum
316 2319 417 2374 urbium
425 2319 823 2389 cultu‚uepitarma‚Maurosque

8 2394 125 2450 accolas
137 2393 165 2447 in
177 2393 269 2448 bellmn
282 2396 370 2450 traxit.
407 2397 469 2451 Dux
478 2399 504 2450 et
513 2395 552 2448 bis
562 2395 695 2464 Mazippa:
716 2393 846 2450 divisus-4

8 2489 68 2542 quc
88 2469 230 2535 exercitus,
243 2475 273 2525 ut
289 2472 434 2526 Tacfarinas
451 2471 530 2526 lectos
548 2471 623 2538 uiros,
637 2475 664 2524 ct
680 2470 824 2524 Romanum

7 2547 40 2604 in
53 2545 168 2602 modum
188 2552 307 2612 arruatos,
321 2549 411 2602 castris
424 2548 553 2611 attineret,
567 2547 698 2614 disciplina
709 2553 736 2597 et
747 2544 824 2608 impe·
846 2545 855 2558 ''

7 2624 61 2680 riis
71 2626 223 2686 suesceret,
233 2624 354 2693 Mazippa
365 2623 416 2677 lovi
427 2641 485 2676 cum
498 2622 570 2689 copia
578 2619 694 2672 incendia
705 2625 732 2698 et
743 2613 824 2696 cedes
842 2615 845 2620 '

7 2703 197 2756 assertorem
221 2699 404 2755 circumferret.
441 2695 672 2764 Compulerantquo
693 2684 848 2739 ominoso
