1862 2952
158 151 206 199 198
490 150 614 200 'raom

737 205 917 262 [summam.

134 260 286 331 aproviucia
306 260 479 333 dignationem
500 261 639 318 addiderat.
675 261 750 326 Exin,
767 263 846 315 Flamo
860 259 920 313 Pom·

155 337 232 407 pouio
251 337 330 408 Syria
349 341 505 409 propraetore
529 338 659 405 defuncto,
682 339 815 393 recitantur
833 335 922 390 (laseris

155 412 254 477 littera,
273 413 332 482 quis
351 413 484 469 incusabat
500 415 632 486 egregium
648 432 771 485 quemque
785 416 809 468 et
825 409 925 482 regendis

155 488 308 544 exercitibus
319 489 439 545 idoneum
451 490 561 545 abnuere
572 491 600 546 id
611 509 721 556 munus;
740 508 812 560 seque
820 503 921 543 eanecas·

154 564 265 620 situdina
286 564 318 620 ad
338 584 425 637 preces
446 567 511 638 cogi,
531 585 577 638 per
598 585 661 637 quas
683 566 843 622 consularium
861 561 922 634 aliqud

154 659 284 712 capessere
305 642 447 712 provincias
472 642 652 713 adigerentur;
671 643 765 698 oblitus
786 639 920 702 Arruntium,

154 736 187 772 ue
207 719 236 772 iu
251 718 403 789 Hispaniam
419 723 547 791 pergeret,
566 719 693 774 decimum
709 719 762 790 jam
777 735 861 772 annum
875 713 921 768 atti·

131 794 215 848 tueri.
263 793 335 849 Obiit
359 793 448 849 eodem
478 813 544 849 anno
568 799 596 850 et
620 795 658 849 M.
671 793 790 865 Lepidus,
813 793 842 847 de
862 790 920 860 aja

153 870 325 926 moderatione
346 874 424 942 atquc
442 871 568 941 sapientia
585 871 613 925 iu
636 871 766 942 prioribus
788 869 853 924 libris
872 865 920 921 sao's

130 947 280 1002 tcollocavi.
316 947 409 1018 Neque
425 947 544 1002 nobilitas
561 947 658 1002 diutius
676 944 862 1002 demonstranda
876 947 918 998 est:

153 1024 246 1094 quippe
263 1023 395 1078 AEmilium
411 1041 492 1095 genus
510 1022 649 1078 fecundum
663 1023 786 1078 bonorum
800 1019 919 1087 civiumel

153 1102 198 1171 qui
220 1101 307 1158 eadem
327 1102 423 1158 familia
445 1102 572 1172 corruptis
595 1101 717 1168 moribus,
741 1101 834 1157 illustri
853 1105 918 1154 bno

152 1178 262 1244 fortuna,
275 1197 358 1250 egere.

106 1259 144 1312 28
187 1255 267 1310 Paulo
281 1255 368 1321 Fabio,
380 1257 413 1311 Il.
425 1255 530 1312 Vitellio
546 1255 693 1311 oonsulibus
709 1260 768 1327 post
781 1256 874 1327 longum
886 1267 917 1306 sa

77 1341 144 1422 Αἲξ-70·
153 1331 267 1386 culorum
279 1333 403 1389 ambitum
419 1334 472 1388 aris
484 1333 587 1404 phoenix
602 1333 630 1388 in
640 1335 783 1405 AEgyptum
792 1333 862 1395 venit,
872 1345 917 1400 pra·

94 1439 116 1470 a.
126 1408 259 1482 absitque
266 1411 398 1466 materiem
409 1409 562 1466 doctissimis
574 1409 749 1481 indigenarum
761 1414 787 1464 et
799 1409 916 1464 orsam

109 1481 143 1580 ³⁴2·
153 1485 235 1540 multa
251 1503 328 1557 super
345 1505 376 1542 eo
396 1487 516 1542 miraculo
534 1485 681 1542 disserendi.
717 1487 758 1541 De
776 1485 859 1558 qmbm
874 1497 917 1536 otu-

151 1566 256 1634 gruunt‚
277 1567 304 1617 et
324 1563 398 1634 plura
421 1563 539 1635 ambigua
559 1562 605 1618 sed
628 1563 734 1634 cognitu
753 1581 804 1618 uon
825 1555 915 1618 absonia

127 1644 265 1710 dpromere
283 1638 354 1696 libet.
392 1640 497 1695 Sacrum
515 1639 562 1695 soli
579 1639 607 1694 id
624 1640 725 1705 animal,
744 1644 771 1696 et
786 1657 828 1695 ore
843 1655 868 1692 ac
881 1633 916 1688 du

148 1716 233 1772 tinctu
245 1716 379 1787 pinnarum
391 1735 407 1770 a
418 1717 510 1772 ceteris
527 1716 616 1772 avibus
633 1716 768 1780 diversum.
781 1712 915 1796 consentiunt

149 1794 194 1862 qui
205 1792 313 1848 formam
328 1793 384 1864 ejus
402 1793 528 1848 definiere.
565 1794 606 1849 De
618 1812 724 1849 numero
736 1810 853 1849 annorum
865 1799 915 1842 um

126 1869 293 1925 straduntur.
330 1869 443 1924 Maxime
462 1869 595 1940 vulgatum
607 1870 804 1942 quingentorum
815 1865 914 1940 spatium:

148 1949 209 2000 sunt
217 1946 261 2017 qui
270 1949 415 2000 asseverent
427 1945 495 2000 mille
507 1945 707 2018 quadringentos
719 1947 848 2018 sexaginta
856 1953 913 1996 mun

117 2031 119 2034 '
146 2021 264 2094 interdici,
275 2023 423 2093 prioresque
441 2021 515 2076 alites
537 2021 654 2076 Sesoside
666 2023 783 2092 primum,
796 2023 850 2093 post
859 2019 913 2072 dn*

98 2121 100 2124 ·
147 2098 201 2154 side
216 2098 412 2164 dominantibus,
426 2097 486 2153 dein
500 2097 640 2153 Ptolemae
653 2099 741 2169 quiex
757 2092 912 2153 Macedones

146 2176 239 2230 tertius
253 2175 377 2248 regnavit,
390 2176 418 2230 in
434 2175 563 2230 civitatem
579 2174 621 2229 cui
635 2175 778 2246 Heliopolis
795 2163 911 2229 uomend-

146 2251 278 2316 volavisse
298 2251 380 2306 multo
398 2256 540 2308 ceteramm
557 2251 689 2306 volucrum
707 2252 830 2306 comitatu
843 2257 909 2302 norm

122 2328 236 2386 slaciem
258 2327 412 2382 mirantium.
459 2327 509 2382 Sed
530 2327 669 2398 antiquitas
690 2327 794 2398 quidem
815 2324 907 2380 obscum

143 2404 211 2458 inter
225 2403 391 2458 Ptolemaeum
408 2423 438 2460 ao
449 2403 579 2460 liberium
598 2403 681 2458 minus
697 2402 802 2459 ducenti
817 2399 907 2472 quintil*

121 2480 216 2552 aginta
228 2479 288 2534 anni
302 2479 415 2536 filerunt.
451 2481 529 2537 Unde
544 2480 661 2536 nonnulli
676 2479 770 2536 falsum
787 2479 849 2533 hunc
861 2471 906 2543 pla

143 2559 224 2614 uicem
241 2575 324 2628 neque
341 2557 455 2613 Arabum
470 2577 484 2614 e
496 2559 572 2616 terris
587 2559 723 2626 credidere,
736 2555 847 2626 nihilque
860 2561 908 2603 usu·

21 2635 39 2654 ³
121 2636 244 2707 rpavisse
255 2653 288 2690 ex
299 2635 347 2702 his,
361 2654 417 2706 quse
434 2639 509 2692 vetus
520 2638 643 2694 memoria
660 2638 784 2694 firmarit.
819 2625 911 2713 murm

143 2713 236 2785 quippe
250 2731 374 2770 annorum
389 2714 562 2780 numeranti
576 2733 646 2772 mors
666 2713 833 2790 propinquet,
848 2711 913 2760 suan
