2026 2992
71 214 159 263 loll]
238 153 435 202 ANNALIUM
455 153 505 202 111.
524 153 626 204 tl-42
785 153 828 202 11⁵

93 263 173 318 llodem
192 282 253 318 anuo
275 265 414 319 Galliamm
436 265 552 319 civitates
572 265 606 318 ob
627 263 876 336 magnitudinemw

68 341 109 394 er's
123 342 188 396 alieni
206 342 365 398 rebellionem
388 346 538 414 coeptavere,
559 342 633 414 cujus
652 341 831 398 exstimulator

67 418 176 472 acerrimus
192 419 257 474 iuter
275 419 400 474 Treveros
420 421 505 474 Julius
524 419 622 484 Florus,
643 419 711 490 apud
730 419 830 475 rllduos

66 493 130 548 Julius
146 495 262 550 Sacrovir.
298 497 430 552 Nobilitas
443 496 563 551 ambobus
580 501 607 551 et
625 497 748 567 majorum
764 495 853 555 boma

64 569 127 636 lacta3
144 589 217 642 eoque
228 573 346 628 Romana
362 574 453 628 civitas
465 573 525 628 olim
541 573 609 638 data,
622 591 681 628 cum
692 572 719 627 id
735 591 828 638 rarum,

63 663 98 700 nec
112 648 154 702 nisi
170 649 257 704 virtuti
279 650 393 720 pretium
413 654 489 705 esset.
524 650 548 706 Ii
567 649 672 705 seeretis
690 649 852 720 colloquias

63 722 192 780 ferocissimo
208 743 309 797 quoque
322 731 463 798 assumpto,
477 731 521 781 aut
534 727 626 798 quibus
638 725 671 782 ob
689 731 830 797 egestatem

62 817 84 852 ac
102 805 183 856 mamm
207 821 238 857 cx
260 804 369 874 flagitiis
390 804 500 858 maxima
519 803 640 874 peccandi
660 803 829 867 necessitudo,

62 882 197 946 componunt,
212 879 304 934 Florus
327 880 429 952 Belgas,
449 881 565 935 Sacrovir
585 881 716 953 propiores
736 879 830 944 Gallos,

61 953 148 1008 concire
181 956 264 1026 Igitur
276 975 325 1027 per
337 957 502 1012 conciliabula
514 961 540 1012 et
552 962 634 1013 coetus
647 956 768 1012 seditiosa
782 955 854 1010 dis-a

61 1029 158 1085 serebant
169 1031 198 1087 de
209 1034 404 1088 continuatione
415 1034 577 1099 tributorum,
592 1033 718 1106 gravitate
727 1033 830 1098 fenoris,

61 1107 177 1163 senticae
188 1109 307 1180 superbia
322 1109 519 1180 praesidentium.
555 1111 591 1166 nl
607 1110 750 1164 discordare
766 1109 832 1164 mili·

61 1185 103 1236 ten
122 1185 201 1240 audito
223 1187 370 1242 Germanici
393 1187 479 1242 exitio.
515 1187 656 1258 Egregium
674 1185 853 1242 resumendae

61 1257 153 1315 libertati
168 1266 275 1334 tempus,
297 1263 321 1317 si
339 1263 389 1334 ipsi
408 1264 535 1329 florentes,
555 1283 630 1335 quum
651 1264 724 1333 inops
746 1263 830 1327 Italia,

63 1352 122 1404 quam
132 1339 230 1394 inbellis
239 1340 340 1395 urbana
349 1339 442 1410 plebes,
453 1340 515 1395 nihil
523 1339 669 1397 validumin
679 1339 831 1394 exercitibus

62 1412 100 1465 nisi
110 1415 169 1483 quod
179 1421 322 1482 externum,
335 1417 486 1488 cogitarent.
523 1417 603 1472 Haud
615 1418 693 1471 ferme
705 1417 758 1471 ulla
772 1415 876 1471 ciri-41

62 1490 94 1542 tas
113 1489 199 1547 intacta
221 1493 363 1548 seminibus
388 1494 442 1565 ejus
465 1499 550 1549 motus
574 1494 639 1549 luit:
658 1493 703 1548 sed
727 1511 832 1563 erupere

62 1565 121 1633 primi
130 1570 252 1625 Andecavi
263 1588 295 1625 ac
307 1570 411 1624 Turoni.
448 1571 565 1630 Quonam
575 1571 724 1626 Andecavos
736 1570 855 1625 Acilius2

63 1642 135 1698 Aviola
144 1645 248 1717 legatus,
262 1647 349 1702 excita
360 1647 465 1703 cohorte
477 1667 533 1720 quae
550 1647 673 1719 Lugduni
688 1647 833 1718 praesidium

64 1719 162 1789 agitabat,
175 1724 296 1779 coercuit.
333 1724 430 1778 buoni
445 1724 583 1797 legionario
599 1724 688 1789 milite,
701 1743 776 1794 quem
788 1723 856 1779 vic

64 1794 131 1851 nllus
145 1799 223 1855 Varro
239 1799 369 1855 inferioris
387 1801 528 1856 Germaniae
544 1801 645 1872 legatus
661 1802 771 1865 miseret,
791 1817 834 1871 op-

63 1874 141 1939 pressu
163 1877 251 1932 eodem
274 1877 368 1931 Aviola
385 1877 448 1932 duce
473 1882 499 1933 et
520 1877 672 1948 quibusdum
696 1877 834 1932 Galliamm

62 1947 197 2019 prlocutus,
215 1954 261 2026 qui
276 1954 361 2008 tulere
377 1955 564 2026 auxiliumque
583 1954 771 2008 dissimularent
792 1953 834 2008 de-

62 2022 182 2095 lectionem,
202 2031 338 2103 magisque
355 2032 383 2085 iu
400 2035 513 2103 tempore
532 2033 659 2086 efferrent.
698 2033 857 2102 Spectatust

58 2102 83 2152 et
95 2101 197 2161 Sacrovir
213 2108 312 2163 intecto
330 2109 412 2179 capite
427 2127 538 2180 pugnam
555 2127 602 2179 pro
617 2109 739 2164 Romanis
756 2109 834 2173 ciens,

62 2181 204 2249 ostentanda,
229 2187 260 2238 ut
283 2184 390 2249 ferebat,
415 2186 534 2241 virtutis:
553 2185 599 2240 sed
621 2185 721 2256 captivi,
747 2203 779 2239 ne
797 2185 836 2238 iu·

62 2262 181 2313 censeretur
197 2260 265 2326 teliu,
283 2261 471 2332 agnoscendum
487 2281 514 2317 se
533 2262 671 2332 praebuisse
686 2261 834 2333 arguebant.

63 2327 180 2391 consultus
198 2355 275 2408 super
293 2356 324 2392 eo
342 2337 458 2393 Tiberius
477 2342 625 2408 aspernatus
645 2343 685 2393 est
705 2338 834 2401 indicium,

64 2403 157 2480 aluitque
172 2413 331 2469 dubitatione
348 2413 449 2469 bellum.
485 2415 595 2470 Interim
611 2415 702 2470 Florus
718 2415 836 2469 insistere
843 2411 881 2464 42

64 2479 182 2556 destinatis,
202 2491 321 2562 pellicere
339 2491 404 2544 alam
422 2493 545 2563 equitum,
565 2511 629 2563 que,
655 2492 799 2561 conscripta
822 2507 837 2543 e

64 2555 165 2634 berem,
189 2569 281 2623 militia
308 2567 491 2639 disciplinaque
519 2574 610 2622 nostra
633 2569 783 2642 habebatur,
806 2567 837 2617 ut

64 2638 119 2692 efficis
128 2645 326 2715 negotiatoribus
343 2644 466 2699 Romanis
481 2645 575 2700 bellum
592 2645 733 2713 inciperet;
752 2637 838 2708 pauci-

65 2721 212 2788 quaequam
224 2721 350 2792 corrupti,
365 2719 452 2790 plures
466 2721 494 2774 in
505 2720 587 2774 officio
600 2735 724 2772 mansere.
759 2709 860 2764 Aliud?
