1862 2952
44 149 91 190 ω.
101 151 139 202 m
227 93 417 196 emmenum
436 94 482 142 lv.
498 93 601 142 ol-oo.
755 89 800 138 166

41 198 113 270 jugem
123 219 151 256 ae
160 202 245 258 liberes
253 203 315 274 ejus,
324 205 435 275 resipere
444 205 617 276 dignarentur.
653 198 704 256 ssd
716 197 826 254 casm

41 276 186 348 oenigma
200 284 315 350 quantum
326 298 359 335 ex
369 299 398 335 ro
409 279 510 352 publiea
520 281 659 352 pateretur,
671 294 705 332 ue
715 279 803 330 mmm

40 351 165 409 offensionis
181 360 222 410 out
243 360 325 411 metus
342 357 493 412 manifestus
513 357 588 420 foret,
608 355 662 410 sine
679 368 802 423 responso

39 443 163 498 quanquam
179 431 309 486 instantem
328 431 439 502 reliquit.
474 431 508 487 Id
526 449 582 504 ege,
599 449 615 484 a
635 427 825 501 scriptoribus

37 503 147 559 annalium
157 524 206 561 uon
217 507 347 573 traditum,
359 509 459 580 repperi
470 509 498 563 iu
508 506 694 564 eommeutariis
707 504 800 577 Agrip-

34 577 89 646 pina
99 581 158 647 tibae,
171 601 231 653 qua,
244 583 353 640 Neronis
365 584 486 656 principis
497 588 588 648 mater,
600 583 679 638 vitam
691 583 801 636 suamet

35 669 96 710 tasas
114 675 212 713 snorum
229 661 336 731 posteris
358 661 517 716 memoravit.
553 659 674 714 Ceteram
694 657 848 728 Sejanus&

33 738 161 788 merentem
172 739 199 790 et
209 735 373 806 improvidam
390 735 467 791 altine
484 735 601 808 pereutit,
618 733 739 790 immissis
756 732 801 804 qui

32 810 188 878 perspectam
203 811 316 868 amioitiae
333 816 467 868 monerent
485 817 603 884 paratam
622 810 647 866 ei
664 827 800 873 venenum,

32 881 131 940 utendas
141 887 220 942 soeeri
228 889 322 960 epulas.
358 893 445 960 Atque
456 888 500 944 illa
506 887 698 943 simulationum
707 884 799 950 nessia,
809 895 825 940 1

31 973 80 1012 tum
89 967 190 1032 prepter
200 963 376 1030 discumberet,
389 983 442 1020 uon
452 965 527 1020 vultu
538 968 584 1018 ant
596 979 712 1018 sermono
723 961 800 1026 flesti,

28 1033 102 1090 nutes
117 1039 240 1110 attingere
258 1040 335 1105 eibos,
355 1039 436 1096 donee
454 1039 564 1095 advertit
581 1038 706 1104 Tiberius,
724 1037 800 1103 form,

31 1124 59 1162 an
68 1113 122 1180 quia
132 1113 260 1171 audiverat
271 1136 279 1180 ;
296 1116 373 1188 idque
382 1135 432 1188 quo
445 1116 528 1172 aerius
539 1115 708 1186 experiretur,
717 1131 799 1185 poma,

28 1186 54 1236 ut
72 1193 137 1244 eraut
157 1193 278 1262 apposita,
299 1191 505 1248 laudans-nurui
524 1209 570 1247 sua
588 1209 666 1246 manu
685 1189 799 1246 tradidit.

28 1259 101 1316 Aucta
116 1283 147 1320 ex
162 1285 193 1321 eo
208 1269 318 1340 suspicio
336 1269 493 1340 Agrippinas,
509 1272 536 1323 et
550 1267 649 1324 intanta
661 1285 705 1324 ore
720 1267 824 1323 sortist

27 1337 130 1395 tramisit.
167 1343 223 1400 Neo
240 1350 328 1400 tamen
348 1344 445 1400 Tiberii
464 1363 514 1400 vox
535 1362 619 1400 eoram
640 1347 736 1410 semite,
755 1343 802 1399 sed

27 1410 135 1472 obversus
146 1419 178 1474 ad
188 1425 296 1476 matrem
310 1439 362 1477 non
372 1421 464 1476 mirum
478 1423 522 1488 ait,
536 1422 559 1477 si
572 1420 633 1493 quid
645 1419 758 1476 severius
774 1419 802 1474 in

27 1503 75 1544 tam
96 1496 224 1552 statuisset
247 1516 264 1552 a
286 1517 338 1570 qna
360 1499 475 1554 veneficii
497 1497 695 1554 insimularetur.
735 1497 824 1552 Iudet

26 1579 100 1622 rumor
121 1575 203 1642 parari
226 1575 341 1640 exitium,
366 1594 450 1647 neque
473 1574 501 1630 id
520 1576 698 1647 imperatorem
718 1573 801 1646 palam

28 1641 114 1715 audere,
125 1655 250 1706 secretum
262 1651 295 1706 ad
306 1651 504 1724 perpetrandum
515 1653 604 1724 quaeri.

40 1717 100 1776 'Sed
121 1725 205 1782 Ossan
227 1746 279 1799 quo
303 1729 397 1783 famam
415 1732 550 1794 averteret,
571 1728 660 1784 adesse
680 1727 845 1798 frequens55

27 1800 122 1864 milli,
140 1801 287 1876 legatosque
304 1805 381 1871 Asia,
399 1805 556 1877 ambigentes
573 1823 680 1876 quanam
696 1805 725 1860 in
742 1805 801 1860 eivi-

25 1871 71 1927 me
80 1879 197 1950 templum
209 1885 373 1948 statueretur,
384 1882 470 1953 plnres
481 1900 527 1952 per
538 1882 592 1937 dies
604 1881 710 1936 audivit.
746 1882 823 1938 Una

24 1945 93 2007 decim
104 1957 176 2013 urbes
189 1960 328 2026 eertabaut
341 1961 397 2032 pari
409 1961 553 2026 ambitione,
567 1960 664 2016 viribus
683 1959 798 2017 diversa.

24 2022 104 2099 Neque
123 2035 232 2090 multum
248 2037 372 2093 distantia
388 2038 457 2093 inter
473 2055 502 2092 se
518 2037 694 2093 memorabant
710 2037 742 2092 de
756 2057 800 2094 ve·

23 2101 109 2163 tnstate
119 2113 226 2182 generis,
240 2113 326 2169 studio
338 2115 366 2169 in
377 2114 500 2186 populum
511 2115 656 2170 Romanum
667 2132 714 2184 per
733 2115 800 2170 bella

22 2175 86 2269 Persi
96 2190 122 2240 et
132 2189 271 2245 Aristonici
283 2191 441 2262 aliorumque
453 2210 550 2263 regum.
587 2191 686 2246 Verum
703 2191 822 2262 Hypaea
853 2255 855 2263 Α

22 2269 74 2324 pem
94 2261 258 2337 'lballianique
287 2266 439 2322 Laodieenis
468 2285 498 2322 ae
527 2266 693 2338 Magnetibus
723 2265 800 2322 simul

21 2331 127 2404 minisei,
145 2345 175 2396 ut
192 2361 282 2412 parum
300 2343 386 2398 validi.
423 2341 466 2397 Ne
483 2342 591 2397 Ilienses
610 2340 720 2411 quidem,
741 2351 823 2396 eume

23 2417 138 2476 Wtsstem
196 2418 202 2431 '
269 2438 318 2475 mm
327 2413 801 2495 (ibojamreierreutmisiantiquitatis

19 2418 269 2626 militiai&
280 2496 391 2552 Paulum
403 2492 593 2553 addubitatum,
606 2487 675 2556 qued
686 2485 823 2538 Habeat-t

19 2564 89 2620 nessii
107 2571 172 2629 mille
192 2577 219 2628 et
258 2575 366 2628 ucentos
387 2587 434 2640 per
455 2583 534 2620 annos
554 2562 625 2616 nullo
639 2559 712 2610 motu
727 2556 802 2623 terrm}

20 2642 136 2704 lutatium
147 2649 222 2706 sedes
234 2667 303 2716 suas,
311 2647 422 2714 vivoque
433 2643 463 2696 im
474 2655 536 2694 saxo
543 2627 709 2688 fundamenta
714 2611 803 2675 templs
