1866 2944
184 157 229 202 126
516 154 635 203 TACITI
890 191 894 196 .
909 187 912 197 .

802 203 916 261 [auum

177 265 285 319 Dianam
305 265 382 335 atque
402 264 544 334 Apollinem
563 265 628 319 Delo
648 264 758 336 genitos:
776 281 822 317 esse
836 256 883 329 apud
896 269 915 306 at

179 341 331 395 Cenchrinm
343 359 450 404 amnem,
461 341 546 395 lucum
555 341 698 412 Ortygiam,
707 341 749 395 ubi
757 340 857 394 iratorum
864 333 915 404 put!

178 418 308 488 gravidam
327 421 353 472 et
374 417 444 482 oleas,
467 437 523 488 qua
541 421 598 472 tum
622 419 699 473 etiam
721 421 817 480 maneat,
836 409 919 467 mnim'

178 493 286 548 edidisse
307 511 338 547 ea
355 493 473 558 numina;
492 493 647 564 deorumque
665 495 762 548 monitu
777 493 876 547 sanatum
886 499 920 560 Μ

156 571 242 624 imus.
279 571 365 639 Atque
389 569 471 639 ipsum
496 569 548 624 illic
572 570 714 640 Apollinem
737 573 790 639 post
810 563 914 622 harma

178 645 301 716 Cyclopas
313 646 331 699 J
332 645 386 699 ovis
398 646 462 699 iram
473 645 601 700 vitavisse.
638 646 704 700 Mox
720 645 827 700 Libemm
841 642 913 710 palat}

177 721 243 776 bello
271 722 401 786 victorem,
431 721 587 792 supplicibus
620 723 780 786 Amamnnm,
806 736 849 790 qna
869 725 916 795 art!⁸

156 797 329 862 tinsederant,
342 797 478 868 ignovisse.
515 799 626 852 Auctam
638 798 697 852 hinc
709 787 921 852 mnessuflerrd'n

177 893 235 930 cum
244 874 326 945 Lydia
337 877 476 944 poteretur,
485 875 653 929 cerimoniam
665 875 769 945 templo;
785 868 921 950 nequeam

177 969 234 1005 rum
258 951 354 1005 ditione
375 949 533 1005 deminutum
550 951 601 1020 jus.
638 951 703 1005 Post
723 948 861 1007 Maecena,
877 939 913 994 Μ·

132 1033 223 1086 62n0s
247 1027 395 1082 servavisse.
444 1026 557 1081 Proximi
584 1027 721 1098 Magnetes
741 1028 770 1082 L.
789 1010 914 1094 sepierit

141 1118 144 1122 ·
176 1104 207 1157 L.
226 1103 302 1157 Sulla
320 1103 467 1158 constitutis
483 1103 638 1168 nitebantur,
658 1123 764 1174 quornm
778 1102 815 1156 ille
828 1089 913 1151 mter!

176 1180 217 1234 hic
233 1179 385 1234 Mithridate
397 1179 477 1250 pulsis
489 1179 565 1234 fidem
580 1183 657 1248 atque
675 1183 793 1236 virtutem
807 1177 893 1245 ΜΨΙΙ
910 1179 917 1214 l

176 1255 332 1320 decoravere,
350 1256 390 1309 nti
408 1255 498 1310 Dianae
515 1256 708 1328 Leucophrynae
724 1254 850 1328 perfugium
863 1248 914 1318 int?

154 1332 250 1386 21abile
268 1333 342 1386 foret.
379 1331 589 1402 Aphrodisienses
601 1333 708 1403 posthac
726 1337 752 1388 et
764 1326 858 1386 Stratoni
872 1348 913 1367 n*

176 1407 307 1462 dictatoris
321 1408 437 1478 Gaesaris,
450 1408 482 1463 ob
494 1409 631 1463 vetustain
642 1410 723 1480 partis
732 1409 820 1470 merita
829 1407 850 1459 et
871 1426 895 1447 ‘w

176 1484 228 1539 divi
246 1485 359 1556 Augusti
377 1484 508 1538 decretum
526 1485 643 1550 attulere,
662 1486 757 1540 laudati
773 1480 867 1555 quedl
892 1512 893 1515 =

175 1579 231 1614 nam
253 1561 420 1632 irruptionem
440 1561 503 1616 nihil
520 1557 620 1615 mutata
636 1562 663 1615 in
681 1562 797 1633 populum
815 1559 849 1612 Ro
871 1576 883 1597 ³¹

153 1638 319 1692 tconstantia
334 1637 508 1708 pertulissent.
557 1637 608 1692 Sed
624 1636 846 1709 Aphrodisiensium
862 1648 896 1677 vl

175 1713 290 1780 Veneris,
311 1714 539 1769 Stratonicensium
559 1715 634 1769 Jovis
654 1719 681 1770 et
702 1715 788 1770 Triviae
804 1708 910 1780 religi

152 1790 322 1846 attrahantur.
358 1791 446 1845 Altius
464 1791 707 1846 Hierocaesarienses
725 1805 855 1861 exposuere,
864 1782 894 1836 '‘'

173 1860 230 1921 cam
242 1866 309 1938 apud
321 1886 349 1922 se
361 1867 478 1932 Dianam,
492 1867 624 1922 delubrum
636 1887 697 1940 rege
715 1869 779 1940 Cyro
790 1866 887 1945 deatum

173 1943 378 1998 memorabantur
389 1944 532 2014 Perpernae,
549 1943 664 2009 baurim
682 1945 807 2014 multaque
819 1939 857 1994 alia

173 2023 287 2074 natorum
311 2020 421 2085 nomina,
446 2020 491 2092 qui
513 2039 565 2075 non
583 2021 658 2076 modo
677 2022 779 2094 templs,
799 2017 838 2074 sed
852 2013 906 2091 Μ’

151 2095 284 2151 emillibus
293 2113 421 2166 passuum,
433 2095 538 2151 eandem
548 2098 710 2152 sanctitatem
720 2096 855 2153 tribuerant.
880 2092 889 2131 l

173 2172 260 2241 Cyprii
278 2173 360 2226 tribus
377 2173 497 2239 delubris,
516 2192 624 2244 quorum
639 2176 834 2232 vetustissimum
848 2168 880 2222 Ρ11

173 2247 268 2300 Veneri
280 2252 369 2300 auctor
386 2249 484 2313 Aerias,
498 2260 556 2319 post
568 2251 634 2305 filius
652 2253 707 2322 ejus
724 2252 840 2306 Amathus
853 2242 880 2296 Vr

172 2320 336 2386 Amathusia,
349 2327 376 2376 et
387 2324 405 2375 J
406 2323 445 2376 ovi
459 2324 595 2381 Salaminio
606 2328 712 2394 Teucer,
725 2323 853 2384 Telamonis
868 2344 884 2363 ·‘·'

128 2391 351 2463 ⁶3lf³l>1²0fflg¹¹a
365 2398 518 2465 posuissent.
551 2403 654 2458 Auditae
667 2405 775 2459 aliarum
788 2413 867 2474 quoqut
881 2424 892 2435 ’·

150 2464 264 2547 matium
284 2467 431 2536 legationes.
469 2473 587 2531 Quorum
600 2480 673 2548 copia
684 2481 748 2535 fessi
760 2485 842 2553 patra,
854 2473 883 2526 Μ’

171 2535 262 2614 studiis
286 2542 439 2623 certabatur,
459 2550 605 2606 consulibus
629 2557 770 2624 permisere
786 2560 814 2610 ut
828 2565 885 2624 pens

169 2623 234 2670 lure»
259 2612 285 2662 el
298 2629 319 2663 ⁸¹
338 2632 388 2681 ‘1¹1³
408 2619 530 2687 iniquitas
553 2625 738 2697 involveretur,
764 2651 815 2687 rem
834 2645 887 2684 mv

150 2685 271 2732 aramum
295 2685 328 2736 ad
351 2697 468 2745 senatum
491 2698 625 2757 referrent.
673 2707 806 2778 Consules,
823 2715 875 2774 snper
