1862 2952
104 105 150 152 180
445 108 564 155 TacJTl

671 170 707 218 [Α.
716 169 745 208 U.
755 171 778 209 0.
788 170 895 212 raa-tta

101 213 181 280 verti3
200 233 275 286 posse
290 218 440 290 quandoque
458 219 601 274 Germanici
616 219 724 274 exitium
739 221 896 289 paenitentia

79 288 198 361 a†esse†
210 293 271 347 seni.
304 294 384 348 Simul
391 296 499 366 populus
512 295 606 366 effigies
614 295 765 366 Agrippinae
776 315 807 350 ac
816 297 899 351 Nero·

100 367 140 420 nis
152 385 243 437 gerens
256 369 419 425 circumsistit
437 371 541 436 curiam,
562 371 704 441 faustisque
721 372 750 424 in
768 372 898 427 Caesarem

101 443 226 530 ominibus
239 445 314 500 falsas
326 447 425 502 litteras
439 453 465 502 et
477 448 590 518 principe
603 448 683 501 invito
691 448 802 502 exitium
810 449 899 504 domui

78 520 412 654 dimittile
429 523 898 656 tlffitlbtbttttttt

101 675 220 746 Sejanum
242 677 382 742 sententiae,
405 677 581 732 exercentibus
600 677 727 747 plerisque
748 696 797 748 per
813 678 897 732 occul-

78 755 163 818 etum,
177 756 254 824 atque
266 771 296 807 eo
308 755 446 824 procacius,
463 754 593 809 libidinem
608 754 778 825 ingeniorum.
821 755 898 810 Unde

99 828 136 883 iili
147 830 185 883 ira
200 829 333 884 violentior
349 835 376 884 et
393 831 511 886 materies
530 831 693 886 criminandi:
714 836 832 901 spretum
853 832 898 886 do

99 905 177 960 lorem
196 906 316 976 principis
333 907 364 961 ab
383 912 481 973 senatu,
498 907 634 962 descivisse
649 907 791 977 populum;
812 907 900 966 audin'

96 982 148 1052 jam
170 987 196 1036 et
216 983 267 1052 legi
285 1001 364 1037 novas
385 985 526 1048 conciones,
549 1002 615 1037 nova
634 987 736 1053 patruni
757 984 902 1050 consultu

99 1057 160 1127 quid
183 1059 307 1129 reliquum
330 1060 380 1113 nisi
403 1064 433 1113 ut
458 1064 577 1130 caperent
601 1059 697 1114 ferrum
722 1064 756 1124 et,
784 1078 902 1130 quorum

98 1134 219 1204 imagines
232 1153 278 1205 pro
295 1135 392 1189 vexillis
411 1137 492 1190 secuti
510 1136 602 1200 forent,
619 1135 696 1190 duces
712 1135 902 1206 imperatores-

72 1212 88 1264 5
98 1227 147 1280 que
160 1210 319 1281 deligerent?
339 1212 423 1282 Igitur
436 1213 529 1277 Caesar,
543 1212 659 1283 repetitis
669 1211 807 1266 adversum
817 1232 903 1285 nepo-

97 1291 148 1341 tem
163 1292 188 1341 et
200 1307 291 1341 nurum
305 1288 412 1358 probris,
424 1289 597 1360 increpitaque
613 1307 658 1359 per
677 1289 793 1343 edictum
811 1290 901 1361 plebe,

98 1369 202 1434 questus
215 1364 283 1434 apud
295 1370 380 1435 patres
392 1365 460 1435 qnod
472 1365 561 1419 fraude
579 1365 655 1419 unius
671 1367 800 1420 senatoris
818 1368 904 1440 impe·

96 1442 191 1496 ratoria
202 1441 322 1512 majestas
335 1442 406 1496 elusa
417 1441 516 1512 publice
529 1442 602 1506 foret,
621 1442 721 1512 integra
736 1446 832 1498 tamen
853 1445 905 1502 sira·

74 1521 189 1572 tcuncta
200 1517 346 1588 postulavit.
384 1517 440 1572 Nec
458 1517 526 1571 ultra
542 1517 708 1572 deliberatum
726 1536 781 1588 quo
800 1521 902 1588 minus,

96 1612 147 1648 non
166 1594 267 1665 quidem
287 1604 400 1648 extrema
421 1594 592 1662 decernerent,
614 1593 651 1663 (id
671 1594 738 1648 enim
759 1596 904 1668 vetitum)

96 1671 147 1736 sed,
169 1677 270 1742 paratos
292 1671 325 1725 ad
343 1671 474 1737 ultionem,
493 1671 519 1726 vi
537 1671 658 1742 principis
676 1671 798 1742 impediri
818 1679 906 1732 testa-

94 1753 191 1803 rentur.

70 1824 87 1878 6
130 1868 177 1880 ...
198 1825 329 1884 Quattuor
345 1827 372 1878 et
390 1823 557 1895 quadraginta
573 1822 700 1877 orationes
718 1841 801 1894 snper
820 1845 857 1882 ea
875 1847 904 1884 re

29 1905 86 1985 ‘iii'
95 1901 194 1967 habitae,
213 1921 244 1956 ex
264 1902 322 1972 quis
341 1901 373 1955 ob
391 1905 486 1955 metum
506 1917 600 1971 pauca,
620 1899 705 1970 plures
723 1905 907 1962 assuetudine

35 2005 56 2032 r.
67 1974 101 2032 ὁ..
116 2019 121 2031 .
137 2021 142 2032 .
158 1985 174 2007 “
183 1979 250 2034 Mihi
268 1977 397 2048 pudorem,
418 1981 462 2031 aut
485 1977 576 2046 Sejano
597 1975 726 2041 iuvidiam,
751 1977 905 2038 allaturum

50 2043 85 2140 ³¹2
94 2056 188 2108 censui.
223 2056 306 2130 Versa
317 2059 357 2108 est
369 2054 480 2118 fortuna,
490 2058 517 2107 et
529 2053 571 2107 ille
584 2051 693 2123 quidem,
707 2053 754 2121 qui
768 2055 906 2130 collegam

93 2134 120 2183 et
138 2150 257 2202 generum
278 2131 409 2198 asciverat,
427 2130 475 2184 sibi
492 2130 622 2200 ignoscit;
639 2128 725 2192 ceteri,
748 2149 835 2201 quem
860 2155 907 2207 pe·

70 2206 216 2263 adedecora
227 2208 319 2272 lovere,
334 2225 391 2262 cum
403 2206 497 2262 scelere
509 2207 678 2261 insectantur.
715 2205 858 2268 Miserius
871 2213 905 2270 sit

91 2283 124 2339 ob
143 2285 278 2338 amicitiam
297 2284 410 2338 accusari
427 2301 461 2337 an
478 2283 587 2337 amicam
607 2299 734 2346 accusare,
756 2283 840 2342 haud
856 2290 903 2346 dis

68 2361 220 2414 acreverim.
257 2361 319 2412 Non
338 2359 522 2424 crudelitatem,
543 2377 595 2412 non
618 2357 786 2414 clementiam
816 2368 903 2438 cujus.

91 2451 166 2501 quam
179 2434 300 2502 experiar,
314 2435 359 2488 aed
375 2435 440 2489 liber
458 2440 483 2488 et
498 2435 561 2488 mihi
575 2434 624 2504 ipsi
640 2433 770 2505 probatus
792 2445 903 2500 anteibo

67 2508 237 2576 opericulum.
285 2509 340 2562 Vos
363 2509 479 2564 obtestor
502 2528 534 2564 ne
561 2510 710 2575 memoriam
734 2519 834 2572 nostri
860 2539 904 2593 pn

89 2599 219 2636 merorem
238 2601 313 2652 quam
331 2583 383 2638 laeti
404 2586 543 2650 retineatis,
564 2584 705 2657 adjiciendo
723 2605 772 2643 me
793 2611 902 2668 quoqne

65 2661 127 2729 tiis,
146 2665 189 2733 qni
207 2665 256 2718 fine
275 2664 377 2733 egregio
396 2665 498 2734 publica
516 2668 584 2722 mala
602 2668 785 2739 effugerunt?
830 2679 904 2738 ‘hm
