1860 2956
32 151 115 207 ma]
184 99 375 149 ANNALIUM
391 98 454 148 ΧΠ.
474 99 576 148 11-15.
732 98 777 145 241

31 203 86 260 ano
95 225 145 262 eum
156 209 261 266 anhelitu
271 210 387 266 redeunt.
423 209 539 265 Rursum
556 208 628 274 deus,
641 225 693 279 qna
704 206 803 262 silvest

19 329 20 346 2
27 283 165 352 tenuaverit,
176 294 296 342 nonturno
311 288 369 342 risu
387 285 553 352 demonstrat,
566 285 780 357 reperiunturque

25 349 69 412 ine
85 361 167 430 passim
187 364 252 418 ferm.
289 363 412 418 Ceterum
437 362 567 428 Gotarzes,
586 361 698 418 nondum
716 359 828 416 satis14

25 438 77 488 anem
90 437 196 504 eremita,
212 439 315 494 flumine
333 439 427 494 Corma
443 456 491 509 pro
508 438 667 494 munimento
684 437 733 503 uti,
752 441 780 492 et

23 523 135 582 quanquam
145 532 186 584 per
201 515 382 572 insectationes
394 518 421 569 et
436 514 542 570 nuntios
558 513 591 570 ad
608 513 722 586 prelium
737 531 779 568 ro·

22 591 104 654 aretur,
117 593 208 647 nectere
219 609 310 659 moras,
327 592 399 648 looos
411 594 519 659 mutare,
532 594 559 646 et
576 590 660 646 missis
676 609 779 660 eorrup-

21 659 96 718 hunus
106 669 233 724 exuendam
250 669 283 724 ad
299 668 378 724 tidem
389 669 477 725 hostes
496 667 624 724 emeroari.
660 667 702 722 Ex
719 669 803 738 qnist

19 733 83 794 hara
93 741 231 812 Adiabenus,
244 764 306 801 mox
321 744 438 800 Aobarus
457 744 573 800 Arabum
589 763 648 800 oum
665 745 780 800 exercitu

19 809 124 884 thmdnnt,
135 819 233 877 leuitate
242 821 340 894 gentili,
350 825 377 877 et
387 821 447 894 quia
460 821 639 892 experimentis
648 819 780 892 eognitnm

19 891 46 947 nt
63 890 167 952 barbaros
187 897 261 952 malle
282 899 367 952 Roma
384 901 472 968 petere
490 915 564 968 reges
582 914 658 968 quam
676 895 777 952 habere.

19 953 195 1036 hthdeherdates
206 974 297 1030 validis
310 972 411 1028 auxiliis
428 973 549 1038 nudatus,
563 977 705 1028 ceterorum
722 981 802 1043 pro-3

19 1037 88 1101 thou
103 1053 222 1120 amposta
241 1049 310 1122 qnod
328 1068 407 1104 unum
425 1050 558 1120 reliquum,
577 1067 631 1104 rem
648 1049 676 1103 in
693 1065 779 1104 oasam

19 1102 198 1198 &spretoque
213 1125 324 1197 experiri
339 1125 439 1181 statuit.
476 1125 534 1181 Neo
550 1124 701 1182 detrectarit
716 1143 780 1197 pug-

19 1205 57 1260 Bm
70 1199 188 1268 Gotames,
206 1202 344 1258 deminutis
360 1202 478 1257 hostibus
495 1201 575 1258 ferox.
612 1201 805 1258 Conoursnm·4

20 1281 21 1284 ’
65 1293 145 1350 magna
161 1277 230 1334 erede
246 1282 274 1334 et
290 1278 410 1349 ambiguo
426 1281 528 1343 eventu,
552 1277 631 1333 doneo
648 1277 778 1345 Carenem,

44 1349 125 1423 rigam
145 1355 258 1410 obversis
278 1354 380 1426 longius
401 1358 526 1419 ereetum,
548 1354 649 1426 integer
669 1373 685 1410 a
704 1359 780 1426 tergo

41 1423 79 1484 bus
96 1430 295 1486 circumveniret.
330 1431 396 1486 Tum
413 1431 483 1486 omni
501 1448 545 1502 spe
561 1430 662 1502 perdita
676 1430 804 1486 Meter-⁵

24 1572 26 1574 ,
64 1507 204 1578 ,promissa
213 1507 348 1562 Parrhasis
360 1507 461 1578 paterni
479 1506 578 1562 clientis
590 1510 702 1572 sequtus,
722 1506 780 1562 dolo

19 1579 169 1656 munstur
198 1582 359 1654 traditurque
389 1584 488 1640 viatori.
541 1585 629 1653 Atque
657 1582 699 1638 ille
729 1591 805 1638 nond

19 1657 154 1730 topinqnum
171 1677 255 1730 neque
272 1659 375 1714 Amasis
395 1659 426 1714 de
446 1662 531 1731 gente,
551 1658 596 1714 sed
617 1659 784 1732 alienigenam

19 1729 174 1800 iRomauum
191 1735 332 1806 increpans,
351 1735 455 1790 auribus
473 1735 565 1791 decisis
589 1735 676 1791 rivere
697 1737 782 1808 jubet,

19 1807 100 1878 dantui
110 1811 441 1868 elementiaesnaeetinnos
453 1811 689 1868 dehonestamento.
715 1813 806 1872 Dein?

19 1881 108 1954 htames
122 1887 213 1943 morbo
231 1886 303 1954 obiit,
323 1887 469 1960 accitusque
486 1889 514 1943 in
528 1905 636 1960 regnum
652 1888 782 1957 Vonones,

19 1955 79 2018 [edos
100 1967 158 2019 tum
180 1963 327 2034 presidens.
363 1963 443 2018 Nulla
460 1965 520 2020 haio
538 1982 660 2036 prospera
679 1970 724 2021 ant
742 1967 804 2024 adt

19 2039 63 2094 rsa
84 2043 142 2112 quis
167 2044 368 2096 memoraretur:
398 2040 470 2097 brevi
494 2044 521 2097 et
544 2041 653 2113 inglorio
677 2042 784 2115 imperio

19 2114 136 2172 rinnotns
148 2119 196 2183 est,
207 2135 298 2188 resque
306 2115 459 2172 Parthorum
471 2117 499 2173 in
511 2117 591 2173 filium
604 2118 660 2190 ejus
673 2119 784 2194 Vologe-

19 2195 183 2251 ntranslatae.

20 2271 60 2326 At
79 2271 245 2327 Mithridates
268 2272 433 2344 Bosporanus
458 2273 557 2328 amissis
581 2274 672 2345 opibus
693 2282 830 2349 sagnam

19 2352 124 2418 stquam
136 2348 243 2404 Didium
255 2347 347 2404 duoem
358 2349 504 2404 Romanum
517 2350 645 2422 roburque
657 2354 785 2410 exereitus

19 2429 73 2486 isse
85 2435 247 2504 oognoverat,
260 2432 363 2488 relictos
376 2432 478 2487 innovo
487 2451 566 2504 regno
577 2433 670 2505 Cotyn,
678 2435 787 2506 juventa

19 2507 85 2573 dem,
106 2512 134 2562 et
154 2525 248 2578 paneas
265 2508 408 2562 oohortinm
427 2527 486 2563 oum
502 2509 572 2564 Juhio
590 2510 685 2579 Aquila
701 2509 787 2578 equite

19 2601 113 2649 amano,
127 2584 220 2655 spretis
238 2583 355 2654 utrisque
373 2585 473 2640 ooneire
484 2586 611 2646 nationes,
624 2584 718 2636 iltioere
732 2599 787 2646 per·

19 2679 79 2734 ξω
98 2665 228 2732 postremo
245 2660 360 2716 exercitu
374 2662 463 2715 ooaoto
483 2676 571 2727 regem
585 2651 789 2708 Dandaridarum

19 2755 129 2792 scaone.
139 2755 157 2784 r.
377 2749 397 2788 B
