1960 2952
151 173 180 220 12
483 171 603 220 urcrrr
690 152 693 158 ’

783 233 942 282 mmmm

124 284 206 336 atur:
226 299 303 336 curru
314 281 374 336 vehi
385 281 453 336 haud
465 283 625 353 permissum.
661 281 728 336 Mox
739 282 877 336 celebratio
887 301 944 337 eum

147 357 179 411 ad
191 362 325 426 praetorem
337 358 468 424 translata,
482 359 524 414 cui
535 359 603 430 inter
615 358 683 413 cives
700 363 727 413 et
741 359 891 429 peregrinos
907 359 944 430 ju-

58 467 63 477 ·
146 433 261 488 risdictio
273 435 406 489 evenisset.

103 519 139 573 16
182 510 234 564 Hic
253 529 337 564 rerum
357 511 511 566 urbanarum
526 513 609 565 status
628 512 690 574 erat,
706 528 765 564 cum
785 510 945 564 Pannonicas

146 585 259 656 legiones
276 587 367 642 seditio
385 588 498 651 incessit,
515 587 591 641 nullis
609 587 682 641 novis
699 587 790 650 causis,
808 587 858 640 nisi
877 586 945 656 quod

146 665 262 716 mutatus
276 663 391 734 princeps
403 664 531 717 licentiam
546 662 679 718 turbarum
697 667 724 716 et
743 681 774 716 ex
792 663 862 717 civili
879 663 945 717 bello

125 751 219 808 aspem
239 739 399 809 praemiorum
417 739 577 794 ostendebat.
614 739 712 792 Castris
731 739 825 793 aestivis
842 743 898 794 tres
916 740 945 794 si-

146 815 200 868 mul
212 815 324 886 legiones
336 816 503 880 habebantur,
516 814 668 887 presidente
680 816 697 868 J
699 815 759 868 unio
771 815 855 869 Blaeso
865 837 873 881 ;
894 816 944 886 qui,

146 891 196 944 sune
214 892 327 963 Augusti
345 897 371 946 et
388 891 467 946 initiis
483 891 578 946 'liberii
594 890 695 954 auditis,
709 891 742 945 ob
756 891 890 962 justitium
903 894 946 946 aut

125 967 268 1037 agaudium
280 968 451 1022 intermiserat
464 968 540 1022 solita
551 968 645 1022 munia.
681 967 720 1021 Eo
733 966 857 1037 principio
874 966 946 1023 lasci·

146 1043 201 1097 vire
225 1043 304 1109 miles,
329 1043 482 1108 discordare,
507 1043 612 1114 pessimi
635 1043 759 1114 cujusque
785 1043 946 1099 sermonibus

146 1118 259 1188 praebere
280 1138 361 1186 aures,
382 1120 490 1190 denique
510 1120 600 1174 luxum
616 1123 642 1173 et
657 1120 738 1174 otium
755 1137 856 1189 cupere,
874 1119 947 1174 disci·

123 1194 241 1264 sphiram
254 1199 280 1249 et
298 1195 409 1251 laborem
428 1195 564 1266 aspernari.
600 1195 665 1249 Erat
684 1196 712 1250 in
730 1195 821 1250 castris
837 1195 947 1250 Percen-

147 1271 205 1324 nius
218 1271 327 1342 quidam,
342 1271 394 1326 dux
406 1272 466 1326 olim
477 1271 641 1326 theatralium
653 1289 795 1343 operarum,
815 1270 876 1325 dein
892 1289 947 1343 gre-

147 1347 233 1417 garius
245 1348 325 1412 miles,
339 1366 432 1418 procax
443 1349 538 1419 lingua,
553 1351 579 1402 et
591 1349 697 1402 miscere
710 1353 791 1403 coetus
803 1347 948 1402 histrionali

124 1422 234 1483 sstudio
252 1423 350 1479 doctus.
387 1425 415 1479 is
433 1425 564 1495 imperitos
583 1425 688 1490 animos,
708 1428 735 1478 et
754 1442 870 1495 quaeuam
889 1427 948 1495 post

146 1500 295 1570 Augustum
312 1500 409 1555 miiitiae
427 1501 539 1556 conditio
557 1500 722 1572 ambigentes,
742 1501 872 1571 impellere
887 1519 949 1572 pau·

146 1576 218 1630 latim
233 1578 365 1632 nocturnis
383 1577 513 1648 colloquiis
526 1581 571 1632 aut
583 1578 649 1632 flexo
661 1577 689 1632 in
704 1595 837 1647 vesperam
852 1577 904 1642 die,
923 1579 948 1634 et

146 1651 251 1723 dilapsis
263 1652 409 1708 mehoribus
422 1653 587 1708 deterrimum
600 1671 725 1723 quemque
737 1671 904 1724 congregare.

103 1732 139 1792 17
181 1730 322 1796 Postremo,
343 1730 467 1801 promptis
485 1730 538 1801 jam
553 1733 580 1784 et
596 1729 652 1784 aliis
669 1728 800 1784 seditionis
815 1729 947 1796 ministris,

146 1806 217 1862 velut
229 1806 451 1862 concionabuudus
467 1806 649 1878 interrogabat,
669 1823 715 1860 cur
731 1805 819 1876 paucis
836 1807 948 1861 centuri·

146 1883 246 1949 ouibus,
268 1883 429 1954 paucioribus
450 1883 561 1938 tribunis
577 1884 605 1937 in
619 1883 723 1937 modum
740 1901 873 1937 servorum
891 1883 947 1938 obe

125 1958 239 2017 adirent.
277 1959 387 2018 Quando
400 1978 506 2014 ausuros
519 1978 656 2031 exposcere
667 1959 786 2024 remedia,
795 1959 845 2014 nisi
853 1978 947 2016 novum

147 2039 174 2090 et
194 2039 329 2090 nutantem
350 2036 432 2091 adhuc
450 2037 589 2108 principem
607 2036 725 2108 precibus
742 2036 784 2090 rel
801 2037 879 2092 annis
898 2037 947 2092 adi-

126 2116 204 2170 tnent
222 2113 233 2166 P
253 2112 320 2167 Satis
332 2131 378 2183 per
389 2116 430 2168 tot
449 2131 527 2167 annos
544 2113 646 2184 ignavia
663 2116 804 2183 peccatum,
819 2114 891 2184 quod
903 2115 947 2169 tri-

147 2207 210 2244 cena
228 2193 272 2244 aut
285 2190 446 2262 quadragena
464 2190 591 2261 stipendia
606 2208 687 2256 senes,
705 2194 732 2245 et
750 2191 866 2261 plerique
877 2197 947 2246 trun·

124 2269 205 2320 heato
217 2284 250 2320 ex
267 2266 414 2323 uulneribus
433 2285 546 2338 corpore,
559 2265 678 2321 tolerent.
714 2267 757 2321 Ne
770 2266 883 2322 dimissis
896 2268 948 2339 qui·

147 2341 206 2398 dem
226 2343 301 2398 finem
320 2361 377 2398 esse
396 2343 501 2409 militia,
522 2343 568 2398 sed
587 2343 656 2414 apud
673 2343 794 2398 vexillum
811 2344 948 2400 tendentes

126 2418 197 2473 talio
209 2419 332 2474 vocabulo
345 2420 447 2474 eosdem
464 2420 564 2475 labores
582 2420 703 2491 perferre.
740 2419 815 2474 Ausi
831 2421 892 2490 quis
910 2424 949 2476 tot

147 2513 222 2549 casus
240 2495 293 2550 rita
310 2497 475 2566 superaverit,
494 2496 562 2551 trahi
581 2495 663 2550 adhuc
681 2495 793 2551 diversas
811 2497 839 2550 in
857 2501 948 2562 terras,

148 2571 193 2625 ubi
213 2589 259 2640 per
276 2589 370 2626 nomen
387 2590 506 2642 agrorum
523 2572 633 2644 uligines
651 2572 774 2643 paludum
792 2573 834 2627 vel
852 2573 950 2630 inculta

127 2647 275 2702 omontium
292 2648 424 2718 accipiant.
460 2649 597 2704 Enimvero
610 2649 727 2704 militiam
743 2649 824 2721 ipsam
836 2668 948 2721 gravem,

149 2725 350 2781 infructuosam:
370 2725 442 2781 denis
453 2726 481 2781 in
493 2727 560 2782 diem
572 2726 671 2782 assibus
684 2727 793 2782 animam
811 2731 838 2784 et
857 2746 949 2801 corpus
