1936 2968
200 121 247 168 ³82
533 115 653 165 'tecm
951 159 953 162 .

839 175 934 228 [num

198 250 928 375 mm

197 383 253 435 tum
271 385 297 435 et
311 379 404 450 Syllam
415 380 523 434 maxime
538 380 630 447 timeri,
646 379 769 434 Plautum
780 380 809 434 in
825 379 915 443 Asiam,
937 390 940 393 “

196 455 245 510 lam
258 456 286 510 in
298 456 404 510 Galliam
416 455 610 511 Narbonensem
621 473 703 526 nuper
716 459 824 523 amotos,
836 455 884 510 nob
902 455 921 489 ’-

197 549 285 586 eorum
301 535 328 586 et
344 532 498 604 propinquos
514 533 574 586 huic
590 532 711 596 Orientis,
729 531 766 586 illi
784 532 925 594 Germania,

173 608 292 664 2ercitus
316 611 503 663 commemorat.
539 609 601 662 Non
624 625 659 673 se,
683 611 715 661 nt
736 608 857 672 Burrum,

198 701 264 755 spes,
283 683 329 739 sed
346 683 424 739 solam
441 683 640 739 incolumitatem
663 683 777 738 Neronis
801 687 941 754 spectaret

198 761 282 816 caveri
292 763 423 830 utcunque
439 761 470 816 ab
486 760 589 814 urbanis
606 759 704 814 insidiis
723 761 873 830 praeseutia:
891 758 909 812 1·
920 788 922 803 1
932 814 944 831 ·.

174 845 262 907 equos
285 839 370 891 motus
394 854 503 907 quonam
523 836 598 891 modo
618 837 751 907 comprimi
773 837 868 906 posse?
894 841 936 881 b

199 913 293 968 Galbae
316 911 349 966 ad
371 929 464 966 nomen
486 911 655 977 dictatorium,
680 929 729 967 nec
752 912 837 966 minus
864 936 882 957 ἰ
907 936 937 970 ·-,

173 991 266 1046 adsies
286 989 392 1062 populos
413 989 563 1045 claritudine
584 990 625 1044 avi
644 990 733 1044 Drusi.
771 990 866 1060 Syllam
884 989 944 1057 ἐκ

197 1065 265 1122 unde
289 1067 441 1138 pracipnam
464 1065 602 1132 audaciam,
624 1070 650 1121 et
671 1065 848 1120 simulatorem
870 1086 925 1130 *2¹

174 1143 259 1199 edum
270 1143 410 1198 temeritati
421 1143 504 1198 locum
522 1143 651 1214 reperiret.
688 1142 812 1197 Plautum
827 1142 920 1214 mugnis
939 1192 941 1195 ,

198 1219 246 1274 bus
269 1237 301 1274 ne
325 1220 420 1291 fingere
444 1218 546 1290 quidem
565 1219 710 1290 cupidinem
730 1219 786 1284 otii,
812 1219 857 1274 sed
877 1238 900 1272 r
911 1218 943 1261 v?

198 1296 372 1352 Romanorum
383 1297 542 1351 imitamenta
552 1296 678 1367 prateae,
692 1299 826 1367 assumpta
836 1296 910 1350 etiam
923 1302 931 1337 ἱ

198 1391 285 1428 corum
297 1373 442 1444 arrogantia
453 1377 579 1444 sectaque,
599 1390 655 1443 quae
667 1371 787 1428 turbidos
798 1375 825 1427 et
833 1389 923 1443 negor·

173 1455 347 1522 tappetentes
364 1451 448 1506 faciet.
485 1451 542 1506 Nec
559 1451 627 1506 ultra
643 1468 723 1506 mora
761 1450 839 1522 Sylla
855 1451 922 1504 sexto

198 1527 323 1598 pervectis
339 1527 481 1582 Massiliam
499 1526 698 1599 percussoribus,
717 1530 779 1582 unte
795 1530 890 1582 metum
903 1529 938 1578 ee

198 1621 293 1658 morem
310 1603 469 1668 interficitur,
488 1621 547 1659 oum
570 1602 688 1674 epulandi
712 1621 792 1658 causa
814 1602 901 1658 diseno
914 1626 929 1647 ι-

198 1678 319 1734 Relatum
336 1683 413 1750 caput
431 1680 486 1750 ejus
503 1679 584 1734 illusit
601 1678 673 1733 Nero
693 1682 817 1750 tanquam
841 1697 858 1748 p
875 1704 885 1723 ι·
897 1702 915 1723 o

151 1765 188 1816 58
198 1755 290 1810 canitie
314 1754 433 1810 delorme.
477 1754 570 1810 Plauto
592 1755 677 1825 parari
700 1773 791 1810 necem
814 1772 866 1810 non
894 1776 925 1799 o·

198 1831 325 1886 occultum
342 1831 400 1897 fuit,
420 1831 480 1902 qnia
496 1830 611 1902 pluribus
629 1830 697 1885 salus
716 1831 772 1902 ejus
790 1830 922 1886 curabatur

198 1908 308 1978 spatium
323 1907 422 1962 itineris
439 1925 469 1962 ac
484 1908 569 1973 maris,
585 1911 738 1978 tempusque
755 1907 920 1978 interjectum,

197 1989 268 2038 verat
284 1984 392 2049 famam
410 1983 537 2055 vulgoque
554 1982 684 2054 lingebant
701 1983 813 2054 petitum
832 1984 864 2038 ab
882 1999 909 2036 eo
928 1986 931 2019 l

197 2059 323 2128 bulonem,
334 2060 433 2131 magnis
449 2063 506 2114 tum
522 2059 675 2115 exercitibus
691 2059 871 2129 presidentem
882 2061 927 2121 et

197 2139 274 2206 atque
291 2136 405 2192 insontes
422 2136 467 2206 †si
484 2136 694 2200 interficerentur,
713 2136 871 2206 precipuum
891 2131 918 2186 ed

172 2212 283 2268 arione.
321 2214 392 2273 Quin
415 2217 442 2268 et
465 2214 553 2268 Asiani
574 2213 659 2268 levore
674 2213 779 2282 juvenis
797 2231 869 2267 arma
888 2218 929 2258 ω’

195 2306 243 2342 nec
268 2289 361 2342 milites
379 2288 411 2342 ad
429 2289 512 2344 scelus
530 2289 620 2343 missos
639 2293 684 2342 ant
702 2306 809 2343 numero
828 2286 915 2343 validos

195 2363 279 2415 animo
296 2368 434 2433 promptos,
453 2369 588 2435 postquam
603 2365 676 2435 jussa
699 2364 797 2419 efficere

169 2434 226 2495 aad
244 2453 302 2503 spes
319 2455 397 2490 novas
415 2441 546 2495 transisse.
582 2439 657 2494 Vana
673 2440 735 2504 haec,
752 2458 824 2496 more
840 2441 912 2500 fama

192 2504 307 2562 dentium
324 2511 378 2565 otio
396 2515 571 2584 augebantun
590 2520 704 2571 ceterum
721 2516 831 2572 libertus
849 2510 924 2572 Plaull

189 2579 291 2634 lenitate
309 2588 444 2640 ventorum
465 2592 589 2658 praevenit
614 2593 797 2658 centurionem,
823 2597 851 2648 et
877 2620 895 2641 o·
913 2610 921 2633 t

188 2651 220 2704 L.
233 2654 342 2710 Antistii
366 2662 447 2716 soceri
471 2667 576 2722 attulit:
596 2669 722 2740 effugeret
743 2688 851 2742 segnem
877 2694 924 2717 ιω»
