1936 2968
1 197 153 246 pm]
240 134 436 184 1111111111
453 135 509 182 xv.
526 135 630 183 cr-as.
785 133 830 184 scr

44 245 186 302 cubiculum
204 245 345 302 abscedere.
381 246 417 302 Et
432 246 570 301 1011111110
587 260 688 314 quoquc
703 245 855 303 momento?

42 323 220 394 suppeditante
233 322 383 393 eloquentia
397 322 526 378 advocatis
536 319 702 392 scriptoribus
714 319 833 391 pleraque

41 401 153 466 tradidit,
180 419 236 471 quse
260 401 287 455 in
310 400 403 471 uulgus
427 400 497 454 edita
521 400 576 470 ejus
600 397 683 454 verbis
707 397 832 453 invertere

42 477 202 548 supersedeo.
220 478 257 530 At
271 477 340 530 Nero
349 475 419 530 nullo
431 477 458 530 in
469 475 602 531 Paulinum
614 473 715 546 proprio
727 473 792 538 odio,
803 479 878 534 1064

41 572 72 608 ne
90 554 212 624 glisceret
233 552 328 606 invidia
346 552 511 617 crudelitatis,
527 551 623 622 †jnbet
638 550 746 606 inhiberi
767 568 833 604 mor-

42 631 102 684 tem.
140 629 314 684 Hortantibus
331 629 454 684 militibus
479 629 546 683 servi
566 626 702 698 libertique
719 626 833 698 obligant

40 707 149 776 brachia,
164 713 283 779 premunt
295 708 450 778 sanguinem,
462 707 587 762 incertum
600 725 632 761 cn
644 707 745 778 ignare.
765 705 856 765 Numa

39 791 69 841 ut
80 792 122 842 est
134 787 228 857 vulgus
245 785 278 840 ad
295 785 420 840 deteriora
435 789 589 856 promptmn,
602 802 654 839 non
670 784 772 839 defuere
790 786 834 857 qui

39 863 183 928 crederent,
202 861 282 916 donec
302 861 483 932 implacabilem
504 861 634 916 Neronem
654 861 776 926 timuerit,
799 863 834 916 la·

38 958 106 994 marn
125 939 228 996 sociatae
247 957 305 993 cum
319 938 410 993 marito
428 939 518 994 mortis
538 937 666 1007 petivisse,
680 937 771 993 deinde
789 939 834 994 ob-

36 1016 89 1090 lpta
103 1018 206 1072 mitiore
219 1034 263 1086 spe
275 1015 453 1071 blandimentis
465 1016 525 1072 vitae
537 1016 646 1070 evictam
653 1037 661 1083 3
683 1015 725 1070 cui
736 1015 833 1070 addidit

36 1091 133 1165 paucos
149 1096 241 1166 postea
252 1110 338 1158 annos,
357 1092 477 1148 laudabili
494 1093 521 1148 iu
533 1093 653 1146 maritum
667 1093 793 1160 memoria,
806 1096 833 1148 et

34 1189 79 1227 ore
91 1189 124 1226 sc
135 1169 257 1224 membris
270 1169 297 1223 in
308 1188 367 1224 eum
378 1169 499 1246 pallorem
512 1168 664 1232 albentibus,
677 1173 707 1222 ut
719 1169 833 1225 ostentui

35 1251 105 1304 esset
118 1247 231 1300 multum
242 1246 326 1300 vitalis
339 1246 444 1316 spiritus
453 1250 578 1317 egestum.
616 1245 711 1300 Seneca
722 1245 855 1314 interime

34 1323 148 1378 durante
160 1326 247 1376 tractu
258 1326 284 1376 et
295 1322 448 1378 lentitudine
459 1322 557 1387 1101111,
574 1322 685 1376 Statium
697 1323 830 1389 Annaeum,

34 1401 79 1454 diu
92 1399 144 1454 sibi
157 1399 274 1453 amicitiae
288 1399 337 1454 fide
355 1403 382 1454 et
395 1403 449 1454 arte
467 1399 597 1454 medicinae
611 1399 753 1469 probatum,
767 1403 830 1466 orat,

32 1477 170 1548 provisum
182 1474 279 1545 pridem
293 1493 426 1542 venenum,
440 1495 490 1547 quo
506 1474 619 1530 damuati
636 1476 737 1546 publico
751 1476 832 1531 Athe·

31 1554 166 1608 niensium
175 1551 270 1622 judicio
283 1553 504 1624 extinguerentur,
515 1557 660 1624 promeret,
678 1553 832 1623 allatumque

31 1629 123 1684 hausit
147 1629 252 1692 frustra,
277 1629 385 1700 frigidus
407 1629 461 1700 jam
484 1634 563 1694 crtus,
585 1633 612 1684 et
633 1628 703 1684 cluso
727 1646 832 1699 corpore

30 1706 174 1762 adversum
186 1704 237 1758 vim
249 1705 346 1760 veneni.
382 1706 517 1760 Postremo
529 1711 649 1777 stagnum
661 1704 747 1760 calida
760 1719 855 1777 aquas

29 1783 145 1847 introiit,
169 1799 317 1852 respergens
338 1782 467 1852 proximos
492 1800 629 1848 servorum,
655 1781 741 1836 addita
761 1799 830 1848 voce,

27 1861 115 1917 libare
129 1877 159 1912 se
171 1857 295 1928 liquorem
310 1857 383 1913 illum
395 1859 455 1914 Jovi
473 1859 623 1914 Liberatori.
658 1859 727 1913 Exin
742 1859 853 1918 balne05

26 1939 130 2000 illatus,
158 1937 184 1988 et
208 1952 300 2004 vapore
319 1935 374 2006 ejus
397 1936 563 2001 exanimatus,
586 1935 641 1989 sine
660 1935 713 1990 ullo
733 1934 830 1991 funeris

27 2010 155 2070 sollemni
173 2014 307 2064 crematur.
344 2011 387 2065 Ita
406 2011 527 2066 codicillis
551 2011 747 2082 praescripserat,
773 2019 853 2068 cum6

24 2091 114 2147 etiam
133 2092 191 2141 tum
209 2086 331 2155 praedives
349 2091 376 2142 et
396 2091 539 2158 prepotens
558 2087 682 2158 supremis
701 2088 753 2144 suis
772 2107 831 2144 con-

24 2167 141 2223 suleret.
168 2162 246 2216 Sama
257 2163 307 2216 fuit
320 2163 441 2218 Subrium
453 2163 559 2218 Flavum
571 2181 630 2218 cum
641 2165 831 2221 centurionibus
838 2169 875 2224 65

24 2241 138 2306 occulto
157 2239 269 2304 consilio,
285 2258 368 2311 neque
382 2244 469 2296 tamen
482 2241 616 2311 ignorante
634 2242 736 2307 Seneca,
754 2243 832 2299 desti-

22 2320 146 2382 navisse,
163 2320 194 2370 ut
210 2320 269 2387 post
287 2317 398 2372 occisum
416 2336 493 2388 opera
508 2319 608 2372 Pisonis
626 2319 756 2376 Neronem
771 2322 832 2378 Piso

23 2413 141 2472 quoque
154 2393 346 2458 interficeretur,
360 2394 554 2466 tradereturque
571 2395 705 2466 imperium
722 2398 830 2462 Senecas,

21 2473 110 2549 quasi
122 2469 269 2526 insontibus
282 2469 432 2525 claritudine
440 2472 567 2526 virtutum
579 2471 611 2526 ad
623 2473 832 2528 1111111111-

20 2554 108 2626 gium
124 2545 235 2601 delecto.
273 2545 344 2606 Quin
361 2551 388 2602 et
404 2547 482 2603 verba
496 2547 569 2602 Flavi
585 2549 762 2620 vulgabantur,
780 2557 854 2603 1012

20 2629 133 2688 referre
147 2621 272 2689 dedecori,
286 2623 309 2678 si
326 2623 479 2680 citharedus
497 2624 674 2682 demoveretur
690 2627 717 2678 et
737 2626 832 2692 trago-
861 2647 865 2688 ;
