1936 2968
128 107 176 160 ato
465 107 586 158 auom

176 177 179 186 ⁴
754 170 920 220 [nnuma

126 218 250 275 ultionem
257 221 428 276 comeusemt.
457 219 524 275 Voci
535 222 621 275 tamen
632 220 659 274 et
670 221 785 289 aspectui
798 223 922 291 peperat,

107 357 110 364 ,
127 295 315 368 intromisitque
333 297 366 352 ad
384 296 505 351 Senecam
519 315 600 351 unum
615 314 646 352 er
663 297 867 362 centurionibus,
880 297 925 367 qui

83 373 305 430 62neoessitatem
318 373 434 428 ultimam
445 372 616 428 denuntiaret.
651 373 699 428 Ille
711 373 850 428 interdtus
867 392 925 444 pos-

67 479 69 484 *
128 449 164 503 cit
181 449 329 504 testamenti
349 449 465 514 tabulas;
484 467 513 504 ac
533 449 675 522 denegante
692 450 845 504 centurione
866 467 925 504 oon·

127 543 217 580 versus
226 524 259 580 ad
270 526 372 592 amicos,
387 524 487 598 quando
496 527 594 582 meritis
606 545 693 582 eorum
705 527 803 582 referre
815 526 925 598 gratiam

128 601 312 672 prohiberetur,
326 602 394 674 quod
410 621 491 656 unum
506 603 560 674 jam
577 606 706 658 ettamen
723 602 924 673 pulcherrimum

128 677 229 744 babeat,
241 678 378 750 imaginem
390 678 450 734 vita
462 696 515 734 suae
526 679 668 750 relinquere
679 681 802 746 testatam,
814 679 925 750 cujussi

128 772 252 811 memores
264 758 357 820 essent,
365 753 489 811 bonarum
500 755 594 810 artium
603 755 702 820 samam,
714 759 772 810 tum
781 755 925 810 constantis

106 831 245 887 tamicitiae
267 830 372 886 laturos.
418 829 499 885 Simul
521 829 637 886 lacrimas
660 849 748 885 eorum
773 830 851 886 modo
876 849 925 886 ser·

127 925 210 973 mone,
223 906 298 962 modo
310 905 433 962 intentior
443 907 471 962 in
488 905 592 962 modum
609 906 758 972 coercentis,
772 906 805 962 ad
818 907 927 964 firmitu-

129 982 215 1039 dinem
227 987 337 1048 revocat,
350 983 465 1054 rogitans
477 983 522 1038 ubi
533 987 661 1054 praccepta
672 983 814 1054 sapientie,
828 983 875 1038 ubi
885 987 926 1038 tot

106 1078 174 1130 sper
195 1078 274 1115 anuos
292 1059 415 1115 meditata
434 1059 500 1114 ratio
519 1059 655 1114 adversum
670 1058 852 1114 imminentia?
877 1059 927 1114 Oui

129 1137 197 1192 enim
214 1137 329 1208 ignaram
350 1136 430 1190 fmsse
451 1135 576 1190 sevitiam
593 1136 726 1192 Neronis?
753 1153 840 1206 neque
857 1134 926 1190 alind

129 1230 262 1282 superesse
273 1216 333 1282 post
344 1215 452 1266 matrem
463 1212 620 1283 batremqnc
631 1211 788 1280 interfectos,
801 1230 881 1282 quarn
896 1216 926 1266 ut

83 1287 122 1346 63
129 1288 272 1343 educatoris
292 1287 505 1359 praceptorisque
524 1305 612 1342 necem
630 1287 758 1358 adjiceret.
794 1287 853 1342 Ubi
872 1288 927 1342 bno

129 1367 206 1435 atque
225 1363 288 1419 talia
307 1364 424 1420 velutin
444 1381 577 1419 commune
595 1363 723 1431 disseruit„
744 1363 927 1433 complectitur

111 1459 249 1508 -uxorem3
268 1445 295 1496 et
306 1440 438 1512 paululum
449 1439 571 1496 adversus
582 1443 734 1510 praesentem
745 1439 927 1494 fortitudinem

129 1517 250 1582 mollitus,
269 1521 345 1588 rogat
362 1520 476 1588 oratque,
495 1519 649 1587 temperaret
667 1515 781 1570 dolorem
800 1520 927 1570 tammum

130 1595 265 1665 susmpcre,
278 1593 324 1649 sed
334 1593 362 1648 in
374 1592 586 1664 contemplatione
598 1592 657 1648 vite
668 1609 714 1662 per
722 1591 853 1646 virtutem
863 1596 928 1648 uass

107 1669 282 1728 adesideriurn
293 1669 379 1724 mariti
391 1669 488 1726 solatiis
500 1669 614 1724 honestis
626 1668 755 1723 toleraret.
772 1667 827 1722 Ille
838 1673 929 1724 count

129 1747 179 1802 sibi
199 1765 299 1819 quoque
317 1745 472 1802 destinatam
488 1749 597 1802 momen
614 1747 751 1809 asseverat,
769 1761 929 1816 manumque

107 1823 285 1894 speroussoris
308 1822 431 1894 exposcit.
473 1822 540 1878 'llam
565 1823 660 1877 Seneca
682 1821 770 1892 gloriae
794 1821 854 1892 ejus
874 1839 929 1876 uon

129 1898 259 1968 adversus,
271 1898 347 1954 simul
365 1916 458 1964 amore,
474 1917 508 1954 nc
525 1897 575 1954 sibi
589 1897 664 1954 unice
680 1897 803 1952 dilectam
818 1897 852 1953 ad
864 1897 929 1969 inju-

128 1973 179 2030 rias
188 1975 350 2047 relinqueret,
362 1979 379 2005 “
388 1975 483 2040 Vitae,”
492 1974 585 2046 inquit,
596 1972 793 2030 “delenimenta
800 1979 930 2032 memus·

106 2064 214 2109 trenam
237 2050 293 2116 tibi,
317 2054 349 2106 tu
371 2051 461 2106 mortis
485 2051 563 2107 decus
585 2051 674 2108 mavis.
718 2049 784 2104 Non
807 2049 929 2107 invidebo

129 2126 251 2198 exemplo.
289 2127 328 2182 Sit
339 2127 417 2198 hujus
428 2130 483 2184 tam
494 2127 568 2182 fortis
586 2127 671 2182 exitus
689 2127 840 2182 constantia
851 2145 928 2200 penas

107 2206 251 2274 sutrosque
263 2221 316 2274 par,
328 2203 486 2260 claritudinis
504 2203 562 2274 plus
577 2203 605 2259 in
618 2206 665 2258 tuo
676 2202 754 2258 line.’'
792 2203 863 2259 Post
875 2221 928 2276 qim
965 2199 966 2214 ³

128 2278 217 2333 eodem
234 2279 290 2334 ictu
302 2279 405 2336 brechia
419 2279 487 2336 ferro
504 2280 645 2336 exsolvunt.
682 2279 790 2345 &neca
809 2281 929 2352 quonian

127 2351 216 2439 senile·
229 2370 321 2440 eorpus
342 2359 370 2409 et
390 2373 467 2426 parco
487 2357 559 2412 victu
581 2358 717 2411 tenuatum
736 2354 812 2443 lenta
836 2356 927 2428 effugia
964 2417 966 2446 ἔ

125 2585 173 2624 suo
185 2591 296 2628 minum
312 2579 401 2633 uxoris
417 2581 569 2654 infringeret
587 2588 665 2655 atque
683 2584 739 2654 ipse
750 2584 864 2642 visendo
875 2585 928 2656 ejas.
965 2609 966 2612 ¹

18 2651 61 2680 -ι
125 2644 252 2699 tormenta
269 2647 301 2702 ad
318 2650 505 2720 impatientiam
520 2659 690 2726 delaberetur,
707 2659 805 2716 suadet
821 2662 851 2718 in
863 2659 926 2718 uliud
965 2657 966 2672 ¹
