1866 2944
39 173 153 224 ΛΜΗ
232 113 427 163 ANNALIUM
448 115 498 163 111.
519 114 621 162 lii-ld·
783 115 826 162 101

39 229 162 295 qnantum
181 223 274 278 Oaesari
293 225 322 279 in
345 244 400 282 eam
417 227 512 284 liceret.
560 227 647 296 Atque
666 225 729 295 ipsa,
751 222 855 280 donent

35 300 126 356 mediae
144 301 231 354 Pisoni
247 319 313 371 spes,
330 303 424 358 sociam
437 323 465 358 se
476 303 649 374 cujuscunque
665 301 783 367 fortune,
794 305 829 364 et,

34 379 111 432 siita
128 378 215 441 ferret,
235 379 354 433 comitem
371 381 442 435 exitii
461 379 633 450 promittebat.
670 378 708 432 Ut
725 376 856 432 secretisc

33 456 162 525 Augustae
179 453 296 523 precibus
314 456 412 510 veniam
428 455 547 520 obtinuit,
565 454 686 526 paulatim
701 453 831 526 segregan'

32 549 49 586 a
71 530 176 594 marita,
202 529 314 585 dividere
341 531 513 587 defensionem
537 531 621 602 coepit.
669 529 747 590 Quod
770 540 856 585 renat

31 611 173 678 postquam
187 605 235 660 sibi
247 607 376 663 exitiabile
387 608 520 680 intellegit,
535 626 567 662 an
579 606 661 662 adhuc
673 607 831 678 experiretur

29 684 164 748 dubitans,
184 682 346 738 hortantibus
363 685 422 740 liliis
441 685 516 739 durat
534 687 645 738 mentem
664 689 830 754 senatumque

27 778 138 816 rursum
165 759 325 830 agrecium
356 762 606 832 redintegratamque
634 760 830 824 accusationem,

26 837 147 893 infensas
159 840 263 906 patrum
281 854 364 902 voces,
378 837 483 892 adversa
494 840 521 892 et
538 855 605 892 aava
620 840 713 891 cuncta
730 853 832 906 perpes·

26 933 83 980 sus,
105 912 180 968 nullo
199 913 280 983 magis
301 914 439 968 exterritus
458 917 499 969 est
520 931 596 985 qnam
615 911 683 984 qaod
702 911 831 967 Tiberium

25 991 85 1046 sine
97 989 273 1052 miseratione,
287 989 342 1043 sine
353 990 398 1054 ira,
412 990 569 1045 obstinatum
581 988 745 1060 clausumque
757 988 829 1054 vidit,

23 1085 60 1123 ne
76 1084 133 1138 quo
149 1065 256 1119 adfectu
271 1071 484 1138 perrumperetur.
521 1066 629 1122 Relatue
647 1066 757 1132 domum,
774 1069 854 1122 tau-6

24 1162 109 1216 quam
135 1141 310 1196 defensionem
338 1143 365 1196 in
391 1147 523 1214 posterum
552 1142 725 1208 meditaretur,
750 1160 832 1213 pauca

23 1218 175 1278 conscribit
199 1217 366 1288 obsignatque
390 1223 417 1274 et
440 1219 533 1275 liberto
557 1218 653 1285 tradit;
680 1222 736 1273 tum
757 1219 832 1274 solita

23 1295 148 1354 curando
169 1295 271 1364 corpori
289 1295 445 1366 exsequitur.
488 1295 558 1350 Dein
573 1296 679 1350 multam
696 1299 755 1366 post
773 1307 856 1351 noc-c

21 1379 89 1440 tem,
113 1389 222 1444 egressa
243 1370 358 1426 cubiculo
378 1390 466 1438 uxore,
489 1372 581 1442 operiri
601 1372 669 1426 iores
688 1371 784 1443 jussit;
806 1375 833 1426 et

19 1455 116 1524 ncepta
128 1450 190 1504 luce
203 1447 319 1518 perfosso
331 1448 432 1519 jugulo,
443 1448 544 1520 jacente
558 1448 630 1503 hami
645 1447 736 1520 gladio,
749 1467 833 1518 reper-

18 1533 69 1585 tus
80 1530 133 1582 est.
173 1523 273 1578 Audire
284 1542 324 1578 me
336 1525 439 1579 memini
448 1544 481 1579 ex
490 1524 638 1590 senioribus,
647 1525 730 1580 risum
740 1525 832 1596 sepius
844 1526 880 1582 lc

18 1608 97 1662 inter
109 1619 208 1657 manus
220 1600 321 1654 Pisonis
331 1601 450 1667 libellum,
461 1621 537 1672 quem
548 1601 603 1672 ipse
615 1620 667 1656 non
675 1601 832 1672 vulgaverit3

18 1683 72 1740 sed
85 1680 189 1736 amicos
202 1677 257 1748 ejus
275 1677 438 1742 dictitavisse,
451 1677 551 1732 litteras
568 1676 663 1732 'liberii
674 1679 701 1730 et
715 1675 835 1730 mandata

16 1761 49 1816 in
63 1754 256 1814 Germanicum
268 1754 400 1819 contineri,
414 1773 443 1809 ac
460 1754 617 1810 destinatum
633 1770 749 1824 promere
767 1752 834 1824 apud

15 1841 125 1910 patres,
133 1831 328 1904 principemque
339 1849 452 1902 arguere,
462 1831 489 1886 ni
498 1831 584 1886 elusus
594 1849 610 1884 a
619 1829 710 1884 Seiano
717 1848 762 1901 per
770 1849 834 1885 vana

14 1912 160 1987 promissa
185 1908 268 1974 ioret;
292 1925 338 1964 nec
359 1907 431 1962 iilum
453 1912 544 1979 sponte
565 1907 727 1972 exstinctum,
745 1926 833 1963 verum

12 1989 147 2048 immisso
161 2002 319 2055 percussore.
363 1985 480 2044 Quorum
491 1988 612 2039 neutrum
623 1986 817 2041 asseveraverim
826 1997 857 2042 :2

10 2084 111 2138 neque
121 2068 217 2118 tamen
226 2061 338 2116 occulere
348 2061 425 2116 debui
436 2065 567 2116 narratum
577 2060 608 2115 ab
621 2059 652 2115 iis
665 2062 708 2132 qui
719 2068 833 2118 nostram

10 2147 50 2202 ad
61 2142 214 2216 juventam
227 2137 389 2193 duraverunt.
420 2138 506 2193 Caesar
514 2139 581 2193 tlexo
591 2139 619 2193 in
628 2139 772 2195 maestitiam
781 2151 857 2204 orac

8 2239 98 2281 mmm
113 2213 244 2272 invidiam
254 2215 300 2269 tali
315 2219 396 2270 morte
413 2215 546 2285 quesitam
562 2215 631 2286 apud
649 2221 765 2271 senatum
777 2218 796 2253 ⁴*
807 2217 832 2282 ⁴⁸⁵,

8 2295 185 2364 crebrisque
196 2291 441 2360 interrogationibus
455 2292 573 2362 exquirit,
586 2291 685 2362 qualem
694 2294 755 2348 Piso
767 2293 833 2347 diem

8 2387 186 2447 supremum
202 2371 353 2439 noctemque
370 2369 506 2440 exegisset.
549 2370 637 2439 Atque
654 2369 698 2425 illo
714 2369 858 2440 pleraque4

7 2452 174 2525 sapienter,
189 2443 303 2514 quaedam
315 2445 483 2500 inconsultius
500 2445 677 2515 respondente,
691 2447 781 2500 recitat
794 2462 834 2498 co

8 2528 130 2588 dioillos
145 2541 164 2576 a
176 2521 270 2576 Pisone
287 2521 315 2576 in
331 2523 399 2576 bunc
414 2522 493 2576 terme
508 2521 611 2575 modum
630 2522 783 2590 compositos
793 2541 836 2568 :-

9 2614 31 2640 “
46 2598 266 2671 Conspiratione
289 2598 449 2652 inimieorum
472 2601 500 2650 et
523 2595 619 2649 invidia
641 2595 699 2646 falsi
724 2587 860 2643 criminisa

7 2693 185 2758 oppressus,
209 2678 335 2745 quatenus
357 2673 460 2728 veritati
481 2674 508 2725 et
528 2667 680 2723 innocentiae
700 2675 763 2714 meae
778 2671 837 2706 nris·
