1866 2944
160 143 192 192 aa
497 141 617 194 TAGITI

761 199 910 254 [ararat

159 253 192 308 iia
210 252 303 323 quibus
323 253 409 309 omnia
426 254 576 324 principum,
595 255 704 310 honesta
720 258 793 324 atque
808 254 913 314 mhonaa

160 328 263 383 laudare
286 347 341 383 mos
362 334 410 394 est,
432 329 518 400 plures
541 349 588 401 per
611 331 740 384 silentium
760 333 802 384 aut
820 325 914 382 oeodtun

137 409 275 458 tmurmur
290 423 419 475 excepere.
456 407 593 477 Sensitque
612 406 746 471 Tiberium
766 409 798 470 et,
813 421 860 458 aun
872 415 914 484 pat:

161 480 214 534 lum
225 481 378 545 reticuisset,
392 482 502 536 Hortalo
514 500 543 537 se
558 482 719 552 respondisse
731 482 779 536 ait:
797 483 914 539 cetarum

160 557 276 626 patribus
292 556 429 622 videretur,
443 557 562 612 daturum
577 557 664 612 liberis
681 557 736 628 ejus
752 556 839 611 ducena
851 555 915 606 sater-

137 634 198 687 cria
210 634 324 704 singulis,
335 634 381 703 qni
393 651 469 688 sexus
481 635 562 690 virilis
573 639 667 689 essent.
704 635 786 704 Egere
796 632 832 686 alii
842 632 914 701 galat

161 709 231 763 siluit
244 711 378 775 Hortalus,
391 727 493 780 pavore,
507 729 540 764 an
551 711 626 766 avite
639 710 779 765 nobilitatis
794 708 857 763 etiam
869 705 915 758 aa

123 791 151 836 10
161 787 292 856 angustias
305 786 414 840 fortunae
425 787 546 841 retinens.
583 787 675 856 Neque
687 787 817 840 miseratus
827 785 859 837 est
867 779 915 850 past

160 863 208 917 hac
224 862 349 926 Tiberius,
372 863 486 933 quamvis
506 865 596 918 domus
614 863 747 918 Hortensii
763 851 915 932 pudescunt

160 939 271 1008 inopiam
283 937 450 994 delaberetur.

114 1019 151 1072 39
195 1014 291 1068 Eodem
305 1031 370 1068 anno
386 1015 505 1084 mancipii
519 1015 596 1070 unius
612 1014 724 1078 audacia,
738 1015 764 1068 nl
778 1016 862 1067 mature
872 1005 929 1092 sul).-¹

160 1094 266 1159 rentum
282 1089 357 1154 foret,
375 1089 507 1145 discordiis
526 1091 653 1160 armisque
670 1089 784 1144 civilibus
800 1105 845 1143 ren
858 1081 929 1168 publi,

136 1175 216 1220 acam
239 1165 398 1236 perculisset.
447 1166 565 1220 Postumi
587 1166 709 1236 Agrippa
733 1181 823 1228 servus,
842 1172 914 1214 nomm

161 1241 286 1305 Clemens,
309 1244 439 1308 comperto
459 1242 509 1296 fine
531 1242 651 1311 Augusti,
671 1259 777 1312 pergere
797 1241 822 1293 iu
837 1233 914 1290 mam

160 1317 311 1382 Planasiam,
334 1321 361 1371 et
381 1317 470 1371 fraude
492 1321 536 1370 aut
557 1317 583 1371 vi
603 1322 706 1388 raptum
727 1317 855 1387 Agrippam
869 1310 914 1363 fem

161 1392 193 1447 ad
213 1393 340 1448 exercitus
361 1393 524 1448 Germanicos
544 1410 597 1447 non
617 1392 703 1447 servili
724 1393 804 1446 animo
823 1385 913 1454 mnaept

137 1472 231 1524 8Ansa
253 1470 309 1540 ejus
332 1469 456 1539 inpedivit
480 1469 587 1524 tarditas
611 1468 733 1524 oneraria
757 1468 837 1530 naris3
861 1465 913 1547 ⁸qu

159 1545 262 1599 interim
278 1549 380 1618 patrata
400 1545 474 1613 cade,
493 1545 526 1599 ad
547 1545 643 1616 majora
663 1549 690 1600 et
711 1545 791 1615 magis
810 1539 913 1622 precipit!

160 1639 296 1676 conversus
317 1621 417 1675 iuratur
440 1622 544 1685 cinerea,
566 1623 707 1691 rectusque
729 1621 817 1676 Cosam
834 1617 914 1671 mu·

160 1698 358 1766 promontorium
380 1698 475 1767 ignotis
496 1697 558 1752 locis
579 1715 635 1752 sese
655 1696 734 1762 abdit,
757 1697 830 1752 donea
846 1691 914 1774 una!

159 1771 312 1844 barbamque
323 1773 498 1843 promitteret:
517 1791 576 1826 nam
588 1777 663 1828 atate
679 1777 706 1827 et
722 1774 802 1827 forma
814 1763 914 1848 baudlflf

135 1849 236 1904 ssimili
252 1850 280 1904 in
297 1850 427 1904 dommum
444 1853 507 1904 erat.
543 1850 608 1904 Tum
630 1867 677 1920 per
693 1849 796 1905 idoneos
812 1851 835 1902 et
849 1841 914 1899 scach

159 1925 214 1995 ejus
227 1927 308 1980 socios
320 1926 456 1981 crebrescit
469 1926 553 1980 rivere
564 1925 713 1997 Agrippam,
725 1926 825 1982 occultis
834 1920 913 1993 ptum

160 2002 324 2067 sermonibus,
343 2005 373 2056 ut
393 2003 474 2058 vetita
492 2002 581 2068 solent,
599 2020 659 2057 mox
676 2021 743 2074 vago
763 2016 852 2057 rumore
865 1987 912 2062 wll

159 2079 333 2149 inperitissimi
344 2080 468 2151 cujusque
479 2083 609 2151 promptas
622 2098 704 2145 auras,
715 2084 760 2135 aut
770 2091 858 2134 rursum
866 2061 914 2154 *Pil

136 2154 277 2210 tturbidos
289 2173 369 2227 eoque
380 2173 447 2211 nora
458 2156 599 2227 cupientes.
624 2157 711 2228 Atque
723 2157 777 2228 ipse
788 2154 848 2209 adira
856 2157 915 2232 ml*

160 2231 228 2300 cipis
238 2231 346 2286 obscuro
359 2231 416 2296 diei,
426 2249 509 2302 neque
520 2232 650 2303 propalam
662 2233 748 2303 aspici,
759 2247 834 2301 neque
843 2224 914 2279 diti!

159 2307 239 2362 isdem
251 2307 321 2372 locis,
331 2307 377 2364 sed
389 2309 449 2379 qnia
456 2309 550 2364 veritas
560 2311 617 2365 visu
626 2314 653 2364 et
662 2327 740 2375 mora,
751 2309 811 2364 falsa
820 2291 914 2358 foellffl'

160 2399 209 2436 one
221 2386 247 2435 et
259 2384 363 2437 incertis
372 2385 511 2450 valescunt,
524 2383 683 2456 relinquebat
694 2385 785 2440 sarnam
797 2384 835 2437 aut
844 2385 916 2448 prm*

114 2461 152 2512 40
161 2456 254 2510 aiebat.
292 2459 453 2528 Vulgabatur
469 2461 572 2516 interim
583 2479 629 2532 per
642 2461 744 2516 Italiam
755 2461 865 2515 servatum
873 2459 916 2500 Μ·

160 2547 222 2583 nere
238 2531 313 2584 deum
325 2534 473 2603 Agrippam,
491 2536 642 2592 credebatur
659 2538 764 2602 Romae3
780 2537 865 2606 jamque
877 2521 915 2575 st

161 2603 224 2654 tiam
241 2604 369 2660 invectum
388 2609 526 2665 multitudo
541 2612 640 2682 ingens,
651 2615 704 2682 jam
722 2614 749 2667 in
763 2611 821 2666 urbe
831 2597 916 2660 dffll*

161 2676 210 2728 tini
222 2685 302 2732 caetus
320 2680 488 2750 celebrabant,
502 2704 559 2742 omn
571 2689 701 2744 liberium
720 2705 808 2759 anceps
821 2671 914 2738 (ΜΨ
