2026 2992
50 206 66 242 A
81 205 99 243 1)
116 204 161 252 w]
265 143 341 192 Tne.
360 142 492 191 annal..
511 143 563 190 lll.
583 143 652 190 1-4.
825 142 856 190 05

48 254 166 324 Carnpsni
183 271 313 322 suprema
323 271 386 324 orgo
401 253 547 308 memoriam
560 252 606 308 ldii
621 252 662 308 sui
681 269 787 306 munero
800 251 856 306 iun·

47 335 178 398 gerantur.
221 329 312 400 Igitur
323 329 487 384 tribunorum
503 329 729 399 centurionumque
744 327 881 384 humeris2

47 405 141 460 cineres
153 405 354 475 portabuntur;
367 406 543 476 precedebant
555 407 683 477 incompta
694 405 775 476 signa,
788 403 856 460 versi

47 482 142 548 iasces;
163 487 251 552 atque
262 481 309 536 ubi
320 483 433 537 colonias
445 483 691 554 transgrederentur,
705 485 788 536 atrata
804 480 856 552 ple·

48 557 97 623 bes,
118 559 243 614 trabeati
268 557 369 628 equites
393 576 440 630 pro
463 559 554 629 opibus
577 558 627 613 loci
647 563 744 612 vestem
765 557 855 612 odores

47 634 145 705 alisque
163 635 292 690 funerum
306 635 438 690 sollemnia
455 635 607 692 cremabant.
643 633 729 688 Etiam
747 639 880 704 quorumt

47 709 149 766 diversa
166 709 276 780 oppida,
289 713 377 765 tamen
394 710 470 775 obvii,
483 715 509 765 et
522 711 638 765 victimas
656 713 733 780 atque
744 727 801 764 aras
813 709 856 764 dis

46 787 167 841 manibus
176 790 336 852 statuentes,
344 787 454 842 lacrimis
462 791 488 842 ct
496 785 735 842 conclamationibus
745 784 857 840 dolorem

46 863 229 917 testabantur.
267 862 371 916 Drusus
388 862 548 917 Tarracinam
569 880 718 932 progressus
739 866 779 916 est
798 875 881 920 ouml

47 938 162 992 Claudio
175 937 260 990 fratre
271 937 410 1006 liberisque
418 938 567 1003 Germanioi,
577 937 622 1008 qui
633 937 660 991 in
671 936 733 991 urbe
746 937 855 992 luerunt.

48 1012 182 1068 Consules
196 1013 235 1065 M.
248 1011 368 1066 Valerius
383 1017 410 1067 et
423 1013 453 1066 Ο.
466 1013 586 1068 Aurelius
604 1013 668 1083 (jam
682 1012 749 1066 euim
764 1013 882 1082 magis-t

47 1093 151 1143 tratum
171 1089 346 1158 occeperunt)
367 1093 394 1142 et
413 1095 516 1142 sendus
537 1107 567 1142 uc
586 1106 678 1158 magua
697 1106 755 1158 pars
771 1087 857 1158 populi

47 1165 123 1220 uiam
142 1163 313 1234 complevere,
328 1164 429 1234 disjecti
441 1168 468 1218 et
480 1169 510 1218 ut
522 1165 614 1234 cuique
633 1163 733 1218 libitum
749 1164 856 1230 deutes3

49 1241 144 1296 aberat
166 1240 263 1310 quippe
283 1239 403 1304 adulatio,
419 1241 504 1310 gnaris
522 1239 639 1296 omnibus
657 1239 742 1294 lsetsm
756 1239 858 1294 Tiberio

51 1316 205 1372 Germanici
228 1319 338 1370 mortem
361 1316 427 1370 male
450 1315 610 1370 dissiruulnri.
646 1315 762 1370 'liberius
781 1315 886 1385 atque3
909 1319 912 1328 '

50 1395 179 1464 Angusta
191 1391 296 1462 publico
307 1391 462 1456 abstinuere,
475 1391 581 1446 inferius
594 1391 727 1462 majestate
742 1391 857 1456 socrati,

50 1471 74 1524 si
89 1469 180 1540 palam
195 1468 407 1536 lamentarentur,
428 1486 461 1522 an
476 1487 508 1522 ne
529 1467 644 1522 omnium
661 1466 741 1522 oculis
758 1466 859 1522 vultum

51 1564 146 1602 eorum
162 1543 343 1598 scrutantibus
359 1543 417 1598 fulsi
431 1543 647 1615 intellegerentur.
683 1543 796 1598 Matrem
807 1543 884 1596 lin-2

50 1622 155 1676 tunium
170 1639 225 1674 non
241 1618 311 1690 apud
327 1624 445 1674 auctores
462 1639 556 1684 rerum,
574 1637 627 1674 nou
638 1617 729 1673 diurna
744 1622 861 1674 actorum

52 1698 189 1768 scriptura
200 1697 302 1767 reperio
312 1695 364 1750 ullo
376 1695 470 1766 insigni
482 1696 563 1750 officio
572 1696 686 1750 irunotam
693 1716 702 1760 ;
715 1712 773 1748 oum
786 1711 862 1764 super

52 1773 231 1844 Agrippinam
254 1777 282 1827 et
305 1772 422 1826 Drusum
445 1778 472 1826 et
496 1772 631 1827 Claudium
656 1769 736 1825 ceteri
760 1787 861 1840 quoque

54 1848 246 1919 consanguinei
259 1847 410 1902 nominatim
428 1848 563 1919 perscripti
575 1848 645 1902 siut:
665 1864 711 1901 seu
722 1844 862 1900 valitudine

53 1925 274 1996 prepediebatur,
293 1943 340 1979 seu
356 1924 439 1980 victus
457 1923 644 1979 luotu‘suimus
660 1921 861 1992 magnitudinem

53 2003 117 2056 mali
135 2001 254 2072 perferre
272 2001 403 2055 risu'non
422 2000 548 2056 toleravit.
583 1997 694 2054 Facilius
712 1997 885 2053 crediderimt

53 2078 162 2133 'liberio
179 2081 208 2132 et
225 2078 354 2148 Augusta,
371 2076 416 2147 qui
428 2076 503 2131 domo
518 2093 570 2130 uon
587 2073 750 2140 excedebant,
768 2073 861 2130 cohibi-

53 2158 118 2220 tam,
133 2158 166 2208 ut
182 2171 232 2224 par
248 2171 347 2215 meror,
361 2155 388 2206 et
405 2153 493 2218 matris
508 2151 623 2222 exemplo
641 2150 696 2205 svin
715 2168 816 2221 quoque
834 2153 862 2204 et

54 2241 170 2304 patruus
185 2231 292 2285 attineri
304 2230 458 2285 viderentur.
495 2231 558 2284 Dies
570 2247 621 2299 qno
639 2229 751 2298 reliquie
762 2227 889 2283 tumulo4

53 2308 176 2379 Augusti
190 2306 374 2372 inferebantur,
386 2306 461 2360 modo
473 2324 519 2375 per
536 2305 665 2360 silentium
677 2310 773 2369 vastus,
786 2303 862 2358 modo

54 2385 205 2454 ploratibus
217 2383 334 2452 iuquies;
354 2382 429 2452 plena
446 2381 516 2436 urbis
534 2382 634 2446 itinera,
644 2380 798 2436 collucentes
814 2397 862 2449 per

55 2477 179 2530 canipum
197 2459 293 2513 Martis
309 2458 387 2512 faces.
429 2457 487 2512 illic
498 2456 570 2511 miles
588 2474 646 2510 cum
659 2455 744 2520 umis,
758 2455 812 2510 sine
824 2453 887 2508 ἰπὶ-2

56 2535 179 2607 signibus
207 2536 384 2605 magistratus,
406 2533 515 2603 populus
540 2551 585 2602 per
608 2532 699 2596 tribus,
721 2529 862 2586 concidisse

57 2630 114 2666 rem
127 2611 266 2681 publicam,
278 2609 343 2664 nihil
355 2608 411 2678 spei
428 2608 553 2678 reliquum
571 2607 743 2670 clamitabant,
761 2621 864 2674 promp-

57 2689 115 2740 tius
146 2688 314 2756 apertiusque
344 2701 422 2753 quum
444 2689 475 2736 ut
498 2682 643 2736 menduisse
672 2675 864 2760 mperituntium

61 2762 192 2817 crederes.
218 2762 292 2815 Nihil
303 2764 393 2814 tamen
404 2757 533 2812 'liborium
546 2756 627 2824 magis
639 2752 781 2822 penetravit
790 2763 856 2812 quun
