1960 2952
148 143 178 190 14
492 137 611 188 ΤΑΟΙΤῙ

147 252 174 306 in
186 272 248 324 pace
266 259 369 316 tentare
387 281 444 334 quae
461 281 494 318 ue
514 261 625 316 civilium
642 257 744 329 quidem
762 209 953 316 belidid'iid

150 339 220 387 tores
233 337 456 405 expostulaverint,
470 357 517 394 cur
533 341 622 392 eontra
636 353 731 389 morem
748 335 873 406 obsequii,
896 333 954 392 oou‘·

151 415 193 464 tra
204 411 243 466 ias
256 413 394 485 disciplinae
406 418 458 472 vim
469 415 645 472 meditentur?
665 413 830 468 decernerent
843 414 961 485 legatos,

129 497 230 557 4seque
250 507 336 544 coram
352 493 471 548 mandata
490 493 588 548 darent.
629 489 816 554 Acclamavere,
836 494 868 544 ut
888 491 955 546 filius

151 563 229 618 Blaesi
240 566 360 622 tribunus
374 570 501 641 legatione
518 587 548 623 ea
563 568 724 638 iungeretur,
742 570 897 637 peteretque
913 568 955 623 nri·

151 640 239 694 litibus
251 643 397 699 missionem
409 646 440 700 ab
453 645 562 700 sedecim
575 643 664 697 annis:
685 643 954 708 ceteramandaturos,

128 716 196 771 cubi
219 717 301 787 prima
324 723 510 790 provenissent.
558 720 680 774 Profecto
704 719 798 789 juvene
822 720 955 775 modicum

150 793 246 848 otium:
267 795 312 850 sed
331 799 463 868 superbire
486 797 567 861 miles,
589 795 658 867 quod
677 795 744 849 filius
764 795 846 866 legati
868 801 956 852 orator

150 869 258 939 publicae
270 891 352 928 causae
365 875 427 930 satis
440 874 586 929 ostenderet
598 872 751 927 necessitate
764 890 890 942 expressa
902 891 957 944 qus

150 963 197 1016 per
209 948 360 1004 modestiam
373 970 425 1006 non
437 951 615 1007 obtinuissent.

106 1033 144 1086 20
186 1027 290 1084 Interea
310 1032 433 1102 manipuli
453 1036 512 1086 ante
533 1033 643 1100 emptam
662 1027 816 1082 seditionem
834 1029 958 1101 Naupor·

151 1105 208 1156 turn
229 1105 301 1160 missi
325 1107 357 1161 ob
381 1109 474 1162 itinera
494 1111 520 1163 et
539 1110 631 1178 pontes
656 1108 682 1158 et
703 1104 766 1158 alios
790 1123 864 1170 usus,
889 1110 957 1176 post·

152 1197 227 1248 quam
238 1182 371 1237 turbatum
387 1185 415 1240 in
433 1185 523 1239 castris
543 1199 670 1252 accepere,
690 1180 783 1234 vexilla
799 1183 957 1247 convellunt,

151 1256 308 1330 direptisque
320 1263 442 1331 proximis
455 1262 518 1316 vicis
535 1261 641 1331 ipsoque
656 1259 800 1328 Nauporto
819 1261 895 1329 quod
907 1281 958 1315 nm·

150 1333 237 1404 nicipii
266 1337 347 1391 instar
377 1341 440 1403 erat,
465 1338 605 1392 retinentes
630 1336 792 1389 centuriones
822 1335 908 1392 irrisu
935 1339 958 1392 et

150 1412 318 1478 contumeliis,
332 1418 462 1484 postremo
476 1412 625 1468 verberibus
642 1411 810 1475 insectantur,
824 1413 958 1484 precipua

149 1486 178 1542 in
194 1487 355 1544 Aufidienum
375 1489 474 1545 Rufum
489 1487 639 1559 praefectum
656 1490 799 1542 castrorum
815 1487 865 1553 ira,
884 1505 959 1560 quem

151 1563 285 1636 dereptum
299 1567 416 1621 vehiculo
433 1566 538 1622 sarcinis
556 1567 664 1636 gravant
681 1567 813 1635 aguntque
829 1566 956 1634 primo'in

151 1642 258 1712 agmine,
269 1661 315 1714 per
323 1643 461 1698 ludibrium
470 1643 613 1714 rogitantes
623 1660 655 1696 an
666 1645 720 1695 tam
731 1641 858 1694 immensa
871 1659 957 1706 onera,

128 1721 204 1774 atam
220 1720 297 1791 longa
314 1720 413 1785 itinera,
435 1719 545 1774 libenter
560 1719 647 1772 ferret.
684 1717 787 1788 Quippe
806 1717 900 1773 Rufus
918 1719 959 1772 diu

150 1796 323 1866 manipularis,
334 1795 393 1851 dein
407 1797 531 1860 centurio,
548 1813 609 1848 mox
625 1793 715 1848 castris
731 1792 880 1863 prefectus,
897 1795 958 1848 anti·

151 1889 227 1942 quam
249 1871 389 1944 duramque
410 1873 527 1927 militiam
551 1870 694 1932 revocabat,
719 1873 794 1924 vetus
816 1871 908 1938 operis
933 1887 959 1925 ac

150 1947 252 2012 laboris,
266 1953 293 2002 et
305 1967 335 2002 eo
347 1949 469 2004 immitior
482 1949 541 2018 quia
552 1947 714 2002 toleraverat.

107 2022 142 2076 21
188 2025 291 2079 Horum
303 2025 415 2080 adventu
423 2025 614 2095 redrntegretnr
626 2022 726 2086 seditio,
737 2024 764 2075 et
777 2021 837 2091 vagi
850 2023 959 2078 circum·

130 2100 220 2171 ajecta
242 2101 438 2171 populabantur.
481 2101 581 2155 blaesus
605 2115 708 2170 paucos,
734 2097 846 2151 maxime
871 2099 960 2169 preda

152 2182 266 2242 onustos,
280 2177 312 2231 ad
326 2180 450 2232 terrorem
462 2181 605 2231 ceterorum
618 2174 690 2229 adiici
700 2171 859 2238 verbenbus,
873 2175 960 2230 claudi

153 2269 253 2308 carcere
262 2252 354 2324 jubet:
373 2253 520 2308 nemetiam
531 2257 588 2306 tum
600 2251 685 2322 legato
696 2268 711 2304 a
723 2249 923 2306 centurionibus
936 2256 960 2306 et

131 2329 249 2400 aopumo
273 2348 375 2400 quoque
399 2328 595 2399 manipularium
618 2326 763 2398 parebatur.
804 2324 850 2378 11]]Ι
875 2327 960 2382 obniti

152 2405 321 2469 trahentibus,
334 2423 454 2475 prensare
466 2404 686 2460 cnnrmstantium
698 2418 788 2474 genua,
799 2400 868 2456 ciere
881 2404 960 2458 modo

153 2482 256 2535 nomina
285 2481 451 2552 singulorum,
474 2480 549 2535 modo
578 2479 718 2534 centuriam
745 2478 854 2547 quisque
884 2482 960 2551 oujns

154 2557 319 2626 manipularis
337 2561 399 2621 erat,
419 2557 556 2621 cohortem,
575 2555 710 2626 leg'onem,
729 2553 817 2609 eadem
835 2557 960 2612 omnibus

132 2633 285 2686 aimminere
300 2631 468 2688 clamitantes.
505 2633 586 2686 Sirnul
598 2632 691 2702 probra
702 2632 729 2686 in
741 2631 857 2701 legatum
869 2649 960 2688 cumn·

155 2709 216 2774 lant,
229 2710 319 2764 oaelum
343 2726 372 2763 ac
390 2708 450 2764 deos
474 2709 644 2773 obtestantur,
663 2709 727 2763 nihil
747 2706 840 2778 reliqui
857 2707 961 2766 iaciunt
