2026 2992
292 81 296 98 ι
336 95 340 102 ,
490 75 499 105 f
596 97 600 109 ¹

47 153 69 248 p
78 153 140 249 ppa-
155 207 204 258 ²6]
250 65 448 196 abumlblu
466 114 511 196 44.
526 135 630 196 44-’44
792 145 836 194 rel

47 263 179 330 antequam
206 276 279 313 arma
300 258 447 330 inciperent,
472 259 563 314 misere
585 258 683 329 legatos
702 255 840 312 amicitiam
920 271 924 280 ⁴

46 335 248 406 obsequiumque
266 339 456 403 memoraturus,
467 339 494 390 et
512 353 632 390 mansura
649 333 712 399 hac,
730 333 753 388 si
769 331 839 388 nullo

46 429 104 466 novo
128 429 213 466 onere
230 415 407 466 tentarentur:
426 411 466 466 siu
482 415 513 465 ut
531 411 605 466 vietis
626 409 759 466 servitiam
776 409 840 464 indi·

46 491 151 552 ceretur,
169 505 230 542 esse
247 486 296 542 sibi
310 487 406 542 ferrum
423 491 450 541 et
463 487 633 558 juventutem,
651 489 678 541 41
694 493 839 558 promptum

44 564 157 620 libertati
169 563 263 618 autad
280 567 388 618 mortem
402 563 520 618 animum.
558 561 639 616 Simul
653 561 757 616 castella
771 561 861 634 rupi-5

44 641 89 695 bus
113 639 202 694 indita
225 638 382 710 collatosque
402 639 463 694 illuc
480 643 599 710 parentes
616 642 643 692 et
661 639 783 709 conjuges
800 656 839 694 os-

43 716 189 780 tentabant,
216 715 359 786 bellumque
382 715 540 786 impeditum,
564 714 678 779 arduum,
705 718 857 779 cruentum‘

42 781 313 922 minitabantumktt
337 789 452 857 Sabinus,
472 791 552 848 donee
570 791 697 846 exercitus
715 786 748 844 in'
759 789 883 849 muner

43 869 209 936 conduceret,
221 866 255 922 414
301 867 406 922 mitibus
423 869 559 938 responsis,
578 871 713 938 postquam
730 867 840 937 Pompo-

42 946 102 1000 nius
119 943 211 1000 Iaabeo
230 962 245 998 e
261 943 356 999 Mesia
373 961 431 998 cum
453 943 560 1015 legione,
584 962 632 998 rex
654 941 840 998 Ithoemetalces

42 1041 104 1076 cum
128 1020 232 1075 auxiliis
256 1019 425 1092 popularium,
446 1021 491 1091 qui
508 1019 584 1074 fidem
600 1038 653 1074 non
669 1023 839 1084 mutaverant,

42 1115 146 1162 venere,
160 1096 249 1151 addita
260 1096 381 1168 presenti
392 1095 465 1168 copia
477 1096 509 1151 ed
524 1097 624 1152 hostem
636 1096 728 1168 pergit,
742 1114 840 1166 compo

43 1175 125 1232 situm
134 1174 190 1244 jam
207 1191 254 1244 per
271 1175 404 1244 augustias
421 1173 540 1228 saltuum.
577 1171 689 1232 Quidam
706 1171 862 1226 audentium

44 1249 142 1321 apertis
154 1250 183 1304 in
194 1248 303 1304 cedibus
315 1248 479 1314 visebantur;
498 1267 562 1320 quos
580 1247 632 1302 dux
643 1248 775 1303 Romanus
787 1249 841 1304 acie

44 1344 201 1398 suggressus
222 1325 292 1379 haud
311 1343 379 1396 aegre
401 1325 508 1396 pepulit,
528 1325 653 1396 sanguiue
676 1325 840 1380 barbarorum

45 1402 146 1458 modico
171 1401 204 1457 ob
228 1401 371 1473 propinqua
393 1401 509 1473 suffugia
545 1403 611 1456 Mox
631 1402 721 1457 eastris
739 1403 766 1456 in
785 1401 864 1456 14443

46 1479 211 1536 communitis
223 1478 307 1533 valide
317 1497 395 1533 manu
404 1484 518 1534 montem
531 1483 638 1550 occupat
653 1483 798 1551 augustum,
814 1483 841 1532 et

46 1556 138 1626 aquali
150 1554 227 1628 dorso
239 1554 389 1609 coutmuum
400 1573 482 1625 usque
494 1555 526 1610 441
541 1555 685 1626 proximum
700 1554 840 1618 castellum,

46 1632 115 1704 quod
125 1649 222 1703 magua
232 1631 272 1686 414
284 1636 382 1685 armata
392 1635 438 1685 aut
452 1631 582 1686 incondita
593 1630 721 1686 tuebatur.
760 1629 865 1684 Simule

45 1710 73 1762 iu
84 1708 265 1772 fmocissimos,
279 1707 322 1778 qui
334 1710 394 1762 ante
411 1707 505 1762 vallum
519 1725 589 1777 more
607 1707 692 1779 gentis
712 1724 772 1761 cum
790 1723 842 1760 car-

46 1785 158 1840 minibus
170 1787 198 1838 et
210 1783 329 1854 tripudiis
341 1782 523 1853 persultabant,
540 1784 622 1838 mittit
634 1783 746 1838 delectos
763 1781 840 1852 sagit-

46 1861 179 1916 tariorum.
228 1860 254 1914 Ii
277 1859 338 1914 dum
362 1859 459 1914 eminus
483 1860 671 1931 grassabantur,
698 1857 787 1914 erebra
817 1861 865 1912 415

46 1936 129 1990 inulta
153 1936 262 1990 uulnere
283 1935 381 1989 fecere:
412 1935 516 2006 propius
539 1934 685 1990 incedentes
710 1934 843 2005 eruptione

46 2013 134 2068 subita
145 2013 247 2068 turbati
259 2017 327 2077 sunt,
344 2013 490 2084 receptique
505 2013 618 2069 subsidio
637 2012 786 2084 Sugambrae
804 2031 844 2068 co-

46 2089 138 2155 hortis,
168 2107 247 2160 quam
276 2089 408 2142 Romanus
431 2094 573 2160 promptam
598 2089 631 2144 ad
654 2089 774 2160 pericula,
797 2108 845 2145 nec

46 2167 132 2222 minus
157 2169 282 2220 cantuum
302 2168 329 2220 et
353 2183 480 2220 armorum
502 2166 618 2220 tumultu
640 2169 747 2230 trucem,
776 2167 846 2221 haud

45 2245 138 2314 procul
160 2245 329 2299 instruxerat.
365 2243 498 2298 'lbauslata
523 2245 615 2298 debinc
639 2253 723 2300 castra
745 2245 889 2300 hostem48
991 2278 993 2284 r

45 2325 161 2392 propter,
187 2320 285 2375 relictis
309 2318 378 2390 apud
399 2321 485 2391 priora
508 2321 667 2375 munimenta
695 2321 844 2387 Thracibus,

47 2415 111 2468 quos
129 2397 208 2452 nobis
224 2396 328 2450 affuisse
344 2397 487 2451 memoravi.
523 2398 611 2468 Iisque
627 2397 779 2468 permissum
791 2406 868 2452 vas-2

46 2477 110 2539 tare,
124 2491 211 2538 urere,
226 2473 330 2526 trahere
341 2472 447 2542 predas,
467 2471 528 2527 dum
543 2473 674 2544 populatio
686 2474 768 2528 lucem
779 2474 848 2527 intra

47 2550 195 2616 sisteretur,
207 2553 361 2618 noctemque
373 2549 502 2604 incastris
514 2554 596 2604 tutam
610 2554 637 2603 et
648 2550 751 2619 vigilem
763 2565 848 2616 capes·
874 2602 877 2607 ,

47 2631 143 2682 serent.
183 2625 219 2680 Id
241 2625 324 2696 primo
347 2623 500 2679 servatum?
510 2643 570 2679 mox
586 2625 654 2679 versi
671 2625 699 2678 in
715 2624 804 2676 luxum
822 2624 870 2672 413

47 2705 129 2773 raptis
142 2702 263 2774 opulenti
274 2702 394 2756 omittere
406 2701 537 2767 stationes,
547 2701 651 2755 lascivia
662 2697 793 2768 epularum
805 2697 849 2744 eut

77 2806 129 2838 rac.
443 2792 467 2830 Η
