1860 2956
155 144 203 192 288
493 143 617 193 raom

736 199 900 261 [arnamar

131 253 317 310 eberbarorurn
336 253 426 308 sunnis
443 254 607 325 prebuerint.
642 255 780 309 Poteretur
793 252 900 306 anunm

152 335 196 386 tus
208 331 273 385 male
285 331 373 401 partis,
387 330 448 384 dum
459 330 565 396 inrisus,
578 331 696 396 intamis;
716 329 809 400 quando
818 328 838 382 id
847 326 904 396 nans

152 425 185 463 er
200 425 258 472 usur,
281 425 356 477 quam
376 408 399 461 si
416 425 474 462 oum
489 407 572 478 gloria
589 407 699 477 adeptus
717 407 790 460 foret.
819 405 844 458 ln
859 403 905 456 huo

130 483 306 538 tsententiam
318 483 391 538 itum.
427 483 470 538 Ne
482 489 568 538 tamen
583 485 703 538 annuime
719 481 817 537 facinori
825 479 904 534 vileru-

152 562 196 614 tur
217 563 244 614 et
265 559 365 614 diversa
386 560 471 614 Caesar
489 560 600 630 juberet,
622 560 695 614 missi
712 557 749 612 sd,
762 558 906 612 Pharasmanen

152 635 238 691 nuntii
249 638 279 690 ut
289 635 436 690 abscederet
446 654 462 689 a
472 635 566 690 finibus
575 635 704 690 Armeniis
713 635 830 704 filiumque
840 632 906 686 aare

108 711 233 768 saberet.
269 712 333 766 Erat
352 711 518 782 Cappadociae
535 715 686 782 procurator
709 711 792 766 Julius
812 709 906 778 aalma

153 789 239 859 ignavi
250 788 327 842 animi
343 792 369 842 et
385 787 523 842 deridiculo
540 788 653 858 corporis
671 788 748 859 juxta
765 782 905 856 damantis

153 865 199 918 sed
228 863 333 918 Claudio
358 882 479 934 perquam
502 865 640 929 familiaris,
667 883 726 920 cum
750 865 849 934 privatus
866 858 906 912 olin

130 941 343 998 econversatioue
368 959 512 994 scurrarum
536 941 603 995 iners
628 941 710 994 otium
735 939 864 994 oblectaret.
887 932 907 986 lt

152 1017 275 1088 Pelignus
290 1016 390 1070 auxiliis
408 1017 599 1086 provincialium
615 1017 754 1071 contractis
771 1019 870 1085 tunquam
881 1025 906 1062 re

153 1097 321 1163 superaturus
333 1092 487 1157 Armeniam,
505 1093 565 1146 dum
581 1093 663 1146 socios
681 1093 761 1164 magis
773 1089 907 1162 quantum

153 1169 290 1238 praedatur,
309 1169 429 1224 abscessu
446 1187 551 1223 suorum
571 1172 598 1223 et
622 1169 806 1224 incursantibus
825 1160 906 1221 baberi

153 1245 263 1315 praesidii
280 1264 365 1314 egens,
383 1245 415 1299 ad
434 1245 629 1300 Bbadamistum
645 1246 717 1300 venit
726 1269 733 1312 ;
751 1245 856 1314 donisque
869 1237 920 1308 ciffi,

153 1321 251 1375 evictus
264 1321 333 1376 ultro
344 1323 443 1393 regium
456 1323 555 1394 insigne
568 1341 669 1378 sumere
680 1323 826 1385 cohortatur,
837 1329 907 1372 sumn·

131 1397 224 1467 atique
243 1397 315 1452 adest
334 1404 423 1454 auctor
442 1404 468 1454 et
486 1399 595 1454 satelles.
633 1399 712 1458 Quod
729 1399 772 1454 ubi
786 1395 846 1466 turpi
860 1391 920 1444 lom

153 1473 320 1546 divulgatum,
335 1495 366 1530 ne
379 1477 458 1530 ceteri
470 1494 570 1546 qnoque
578 1495 610 1531 er
619 1476 726 1547 Peligna
735 1471 920 1548 conjecturum

152 1551 287 1606 Helvidius
300 1552 404 1606 Priscus
422 1552 522 1623 legatus
540 1570 598 1607 curn
614 1553 715 1624 legione
732 1542 920 1622 mitterentur

130 1627 261 1683 sturbidis
280 1646 326 1697 pro
350 1633 465 1698 tempore
489 1633 519 1683 ut
543 1629 695 1684 consuleret.
731 1629 810 1700 Igitur
830 1625 920 1702 pisam}

152 1707 264 1759 montem
277 1705 387 1758 Taurum
403 1710 578 1776 transgressus
596 1705 769 1762 moderatione
783 1703 920 1776 plusqua}

152 1781 179 1835 vi
191 1785 374 1851 composuerat,
384 1799 442 1836 curn
451 1781 533 1836 redire
542 1781 569 1836 in
577 1783 675 1853 Syriam
682 1783 791 1854 jubetur,
800 1795 827 1834 ne
835 1771 907 1830 initisfl

108 1864 145 1914 50
153 1856 213 1912 belli
224 1857 345 1912 adversus
355 1857 465 1912 Parthos
478 1858 607 1913 existeret.
633 1859 702 1914 Nam
710 1859 840 1929 Vologeses
847 1859 908 1904 W

153 1932 300 1988 invadenda
312 1933 439 1989 Armenia
451 1934 584 1989 obvenisse
596 1939 676 2001 ratus,
696 1953 770 2006 quarn
781 1952 795 1986 a
805 1921 910 1999 majonb!

153 2009 206 2062 suis
219 2028 362 2080 possessam
374 2014 495 2064 externus
507 2029 553 2065 rex
561 2011 660 2082 flagitio
673 2011 802 2075 obtineret,
813 1993 909 2060 οοιιῖῐῦἥ

153 2085 237 2153 copias
250 2085 406 2156 fratremque
418 2086 549 2141 Tiridaten
564 2087 690 2142 deducere
705 2088 732 2142 in
747 2100 844 2156 rognum
853 2071 911 2148 psat,

130 2165 184 2214 ‘sne
197 2178 247 2230 qus
258 2179 317 2230 pars
335 2161 424 2218 domus
440 2163 495 2216 siae
509 2163 615 2233 imperio
633 2168 729 2234 ageret.
762 2162 858 2216 incessu
869 2149 910 2203 ΡΨ

152 2235 256 2290 thorum
274 2237 329 2292 sine
347 2239 400 2292 acie
424 2239 492 2308 pulsi
514 2239 591 2304 Iberi,
616 2239 743 2310 urbesque
765 2229 911 2314 Arnenbffl

130 2311 277 2366 3Artaxeta
305 2317 331 2366 et
361 2313 543 2385 Tigranocerta
563 2316 657 2386 jugum
681 2331 801 2385 accepere.
848 2312 885 2353 Ι
911 2321 912 2324 ’

151 2389 226 2438 atron
236 2387 325 2450 hiems,
345 2406 392 2442 sen
409 2409 499 2459 parurn
514 2391 610 2460 provisi
625 2395 785 2456 commeatus,
801 2392 826 2440 et
837 2379 910 2459 orit*

151 2463 261 2530 mboque
272 2462 345 2516 tabes
357 2467 498 2533 percellunt
510 2468 657 2538 Vologesen
670 2469 784 2523 omittere
799 2453 910 2534 W

128 2534 315 2606 eversamque
340 2557 429 2595 rursus
456 2543 606 2598 Armeniam
634 2544 814 2600 Rbadanristus
837 2551 866 2589 111v

26 2661 73 2680 ι
150 2611 319 2667 truculentior
337 2632 412 2682 quam
430 2622 513 2684 antea,
532 2624 655 2690 tanquam
670 2622 787 2677 aduersus
801 2615 825 2670 d·
837 2630 864 2653 'r
876 2632 878 2639 ⁴
909 2622 911 2625 ’

130 2686 141 2724 ⁵
151 2687 177 2736 et
189 2685 217 2738 in
228 2691 341 2757 tempore
353 2689 530 2749 rebellaturos
557 2698 645 2768 Atque
658 2698 705 2764 illi,
716 2693 824 2770 queraris
835 2669 910 2742 W
