2030 3000
60 216 76 253 Δ
94 215 113 254 D
130 215 176 264 4⁹]
260 151 460 202 ANNALIUM
477 152 541 202 XII.
559 153 646 201 6-11.
805 151 853 199 2119

57 265 191 335 utriusque
203 282 258 319 non
269 264 415 330 absurdum,
428 267 455 319 et
472 263 569 335 majora
583 261 771 334 patefacturum
788 266 852 316 erat.

57 340 143 405 Pollio,
155 341 227 394 haud
236 339 379 412 disparibus
386 340 470 396 verbis
480 358 509 395 ac
520 357 602 410 nuper
610 337 739 402 Vitellius,
749 340 837 392 censet
844 346 874 402 ;2

58 415 281 487 despondeturque
300 417 415 482 Octavia,
434 435 464 472 ac
480 435 557 488 super
567 417 677 487 priorem
689 413 854 470 necessitudi-

58 511 112 547 nem
130 511 243 564 sponsus
257 494 310 565 jam
322 498 349 548 et
361 512 439 565 gener
454 493 584 548 Domitius
596 491 691 562 aquari
706 490 854 546 Britannico

57 569 148 624 studiis
167 569 266 634 matris,
286 573 341 624 arte
365 588 453 624 eorum
474 571 534 640 quis
557 567 591 624 oh
616 571 760 622 accusatam
784 567 854 622 Mea-

58 645 163 702 aalinam
175 646 241 700 ultio
253 664 286 700 cx
297 646 349 701 filio
361 647 506 702 timebatur.

89 723 142 776 Per
154 722 224 777 idem
235 725 337 793 tempus
356 721 435 794 legati
451 722 607 777 Parthorum
625 719 658 775 ad
674 719 853 791 expetendum,
864 718 901 772 10

57 802 86 852 ut
109 799 209 863 rettuli,
235 797 405 853 Meherdaten
433 799 504 854 missi
527 801 644 853 senahrm
668 795 853 868 ingrediuntur,

57 875 227 946 mandataque
239 875 266 929 in
278 875 346 929 hunc
357 875 461 930 modum
472 875 612 945 incipiunt:
639 873 701 928 Non
712 891 740 928 se
752 872 855 928 ioederis

57 951 160 1021 ignaros
178 969 226 1005 nec
243 950 327 1017 deiect
328 951 386 1006 ione
404 969 420 1006 a
437 951 533 1006 iarnilia
550 948 730 1004 Arsacidarum
750 949 855 1014 venire3

58 1027 101 1081 sed
131 1031 159 1081 et
183 1026 263 1081 hlium
287 1027 412 1092 Voconia,
437 1032 556 1098 nepotem
583 1025 709 1091 Phraatis,
737 1025 855 1080 accedere

58 1103 182 1158 adversus
213 1102 411 1158 dominationem
440 1103 564 1177 Gotarzis,
587 1102 678 1157 nobilit
666 1102 716 1157 tati
738 1101 855 1173 plebique

56 1180 149 1249 juxta
141 1183 181 1233 int
169 1177 334 1234 t.olerandam
371 1180 430 1234 Janr
441 1179 786 1250 iratres,1ampropinquos,
802 1179 877 1269 jaina

57 1256 159 1328 longius
172 1256 236 1310 sitos
248 1255 360 1310 caedibus
372 1257 529 1324 exhaustos;
549 1256 624 1328 adjici
636 1256 756 1328 conjuges
773 1256 856 1328 gravi-

59 1332 109 1398 das,
126 1332 222 1386 liberos
240 1350 340 1402 parvos,
356 1332 415 1388 dum
435 1351 522 1388 socors
540 1334 616 1399 domi,
631 1332 704 1389 bellis
719 1334 846 1388 Mensura
816 1353 854 1399 us,

58 1409 184 1479 ignaviam
198 1409 296 1463 sevitia
314 1413 394 1481 tegat.
429 1410 551 1466 Veterem
563 1411 612 1466 sibi
629 1429 658 1466 ac
674 1411 773 1482 publice
789 1424 877 1482 coeps

60 1491 110 1540 tam
121 1485 258 1540 nobiscum
270 1486 415 1553 amicitiam,
429 1492 456 1543 et
465 1487 664 1544 subveniendum
676 1489 751 1544 sociis
764 1490 855 1544 virium

59 1563 164 1627 emulis,
190 1562 390 1634 cedentibusque
410 1583 456 1636 per
473 1565 647 1620 reverentiam.
684 1566 749 1621 Ideo
765 1577 878 1637 taguma

60 1640 160 1696 obsides
184 1639 277 1694 liberos
302 1640 357 1694 dari
380 1645 418 1709 ut,
442 1642 466 1697 si
488 1641 621 1698 domestici
638 1642 736 1712 imperii
754 1643 854 1708 taedeat,

61 1717 91 1772 sit
103 1733 239 1788 regressus
256 1715 288 1770 ad
306 1718 444 1788 principem
460 1723 603 1790 patresque,
622 1737 730 1790 quorum
743 1719 855 1774 moribus

60 1793 221 1849 assuefactus
244 1803 298 1848 rex'
310 1794 400 1849 melior
422 1795 596 1851 ascisceretur.
632 1795 686 1850 Ubi
708 1796 762 1851 haec
780 1801 856 1866 atque
868 1800 899 1852 11

59 1871 120 1928 mn
139 1870 316 1936 dissertavme,
335 1871 425 1942 incipit
443 1875 584 1929 orationem
601 1873 687 1927 Oaesar
705 1872 736 1928 de
754 1873 856 1944 fastigio

60 1948 179 2002 Romano
191 1947 396 2018 Parthorumque
409 1948 552 2021 ohsequiis:
572 1968 650 2021 seque
667 1949 725 2004 divo
737 1951 857 2020 Augusto

59 2022 221 2112 adaequabat
231 2024 297 2094 petit
297 2043 342 2078 um
354 2023 386 2079 ab
398 2044 428 2080 eo
446 2045 531 2098 regern
544 2026 665 2091 referens,
679 2027 772 2082 omissa
784 2027 858 2081 'iibe-

59 2101 90 2155 rii
114 2101 246 2166 memoria,
271 2119 416 2172 quanquam
439 2103 461 2157 ia
486 2121 587 2174 quoque
603 2104 715 2158 miserat.
695 2103 880 2158 tAddidit2

59 2179 311 2248 praeoepn(etenim
328 2178 415 2233 aderat
433 2179 568 2235 Meherdat
557 2181 666 2250 tes,u)t
636 2199 733 2234 unon
749 2181 858 2235 domina·

59 2256 158 2309 tionem
177 2258 204 2308 et
221 2271 308 2309 servos
325 2254 371 2309 sed
384 2260 510 2311 rectorem
526 2261 552 2310 e
569 2256 636 2311 ciues
657 2257 790 2328 cogitaret,
770 2256 859 2311 ctie·

60 2331 235 2400 mentiumque
249 2349 280 2385 ac
296 2330 432 2402 justitiam,
446 2336 541 2404 quanto
553 2333 642 2403 ignara
652 2332 774 2398 barbaris,
787 2337 860 2387 tanto

60 2407 219 2474 toleratiora,
233 2411 385 2477 capesseret.
422 2409 590 2465 Hiucversus
602 2409 749 2481 adlegatos,
762 2411 882 2465 extollit3

61 2482 180 2538 laudibus
205 2483 336 2537 alumnum
360 2484 438 2550 urbis,
464 2491 586 2555 spectatae
609 2486 690 2541 adid
712 2487 860 2541 modestia:

61 2579 91 2615 ae
113 2564 203 2614 tamen
223 2559 329 2614 serenda
349 2579 439 2632 regum
456 2563 565 2633 ingenia,
585 2581 667 2633 neque
684 2563 744 2616 usui
762 2562 862 2616 crebras

62 2637 229 2691 mutationes.
265 2636 333 2690 Rem
349 2636 491 2692 Romanam
505 2639 555 2694 huc
574 2640 692 2693 satietate
710 2637 795 2708 gloriar
807 2643 886 2705 pro-4

62 2722 172 2778 vectam,
198 2716 229 2766 ut
253 2713 366 2768 externis
391 2733 491 2786 quoque
515 2715 634 2786 gentibus
658 2714 769 2784 quietem
793 2711 863 2765 velit.
