1866 2944
46 179 105 219 m
115 179 156 228 st]
245 117 438 166 ANNALIUM
456 117 506 166 lll.
519 116 623 169 73-76.
785 117 831 166 tta

44 247 88 300 per
101 246 163 298 quos
176 233 320 298 resurgeret
332 228 433 285 bellum.
470 227 521 283 Sed
531 227 648 283 'liberius
657 243 704 298 pro
716 227 857 284 eonlaotot

43 305 233 374 interpretatus,
250 303 277 357 id
294 322 393 375 quoque
409 303 492 359 Blmso
507 303 606 370 tribuit,
622 305 652 358 nt
668 301 834 374 imperatore

41 379 183 452 legionibus
204 377 358 434 salutaretur
380 380 463 450 priseo
486 397 548 452 erga
570 379 648 434 duoes
671 379 774 445 bonore,
788 379 833 450 qui

40 456 106 512 bene
117 459 191 527 gesta
199 473 227 509 re
239 455 338 528 publiea
345 455 438 526 gaudio
450 459 476 510 et
486 456 584 526 impetu
590 454 694 510 viatoris
703 456 832 512 exercitus

40 530 278 597 conclamabantm3
295 535 416 601 erantque
422 531 508 602 plures
517 531 592 586 abnul
601 531 773 602 imperatores,
783 549 831 588 neo

38 627 118 680 super
129 614 273 662 oeterorum
285 607 461 677 aequalitatem.
498 606 631 662 concessit
643 605 792 677 quibusdam
804 609 855 664 ati

37 686 177 755 Augustus
194 682 223 738 id
239 683 396 749 vocabulum,
414 701 444 740 aa
460 687 524 738 tune
540 682 657 740 'liberius
674 682 758 740 Blaeso
774 701 832 754 pos·

36 763 159 816 tremum.

73 835 170 890 Obiere
181 851 212 890 eo
222 834 344 890 annotini
355 834 466 890 illustres
475 833 579 890 Asinius
589 833 731 900 Saloninus,
741 833 831 892 Marso
841 840 878 899 75

35 912 157 985 Agrippa
168 915 195 965 et
207 910 321 966 Pollione
333 912 422 980 Asinio
434 911 496 976 avis,
509 911 588 966 fratre
603 911 698 976 Druso,
715 910 830 984 insignis,

34 988 186 1058 Gaesarique
203 1005 327 1058 progener
343 986 501 1052 destinatus;
520 989 547 1041 et
565 986 657 1057 Capito
678 987 778 1053 Ateius,
799 987 831 1044 de

33 1083 90 1138 quo
108 1063 254 1128 memoravi,
267 1063 405 1135 prinoipem
422 1065 450 1119 in
467 1063 570 1119 civitate
587 1062 671 1118 loeum
687 1063 779 1120 studiis
796 1063 831 1120 ei·
855 1075 860 1086 ’

32 1141 133 1198 vilibus
158 1146 298 1204 assecutus,
318 1139 364 1194 sed
384 1158 431 1194 avo
451 1139 607 1204 eenturione‚
630 1137 735 1195 Sullano
756 1144 830 1212 patra

31 1217 168 1290 proetorio.
206 1215 372 1270 Consulatum
392 1216 417 1270 ei
437 1215 621 1270 aoeeleraverat
638 1217 779 1288 Augustus,
800 1220 854 1275 uta

30 1293 186 1350 Labeonem
198 1291 346 1357 Antistium,
359 1291 439 1346 isdem
451 1291 549 1347 artibus
566 1291 757 1362 praeellentem
777 1292 831 1365 dig-

29 1370 143 1428 natione
163 1368 219 1439 ejus
236 1371 401 1440 magistratus
419 1369 536 1425 anteiret.
572 1369 690 1442 Namque
708 1369 751 1426 illa
768 1373 830 1426 atas

29 1448 88 1503 duo
106 1445 179 1517 paeis
198 1443 288 1500 deeora
305 1445 380 1500 simul
397 1446 465 1501 tulit.
509 1445 560 1502 Sed
579 1444 667 1502 Iubeo
683 1447 854 1517 inoorruptat

28 1523 168 1587 libertate,
193 1525 220 1577 et
240 1521 273 1577 ob
293 1521 320 1576 id
338 1522 406 1577 fama
424 1522 587 1578 eelebratior:
607 1523 739 1595 Capitonis
759 1523 831 1579 obae-

28 1600 128 1672 quium
158 1597 345 1654 dominantibus
369 1599 450 1671 magis
473 1599 635 1671 probabatur.
682 1599 733 1665 nli,
762 1599 855 1671 quoda

28 1679 179 1748 praeturam
202 1675 271 1730 intra
294 1675 375 1741 stetit,
393 1675 577 1732 commendatio
595 1695 628 1732 ex
644 1675 743 1747 injuria,
762 1675 830 1743 huie,

27 1752 106 1826 quod
118 1753 282 1808 oonsunlatum
293 1751 401 1824 adeptus
413 1757 460 1819 est,
474 1753 560 1808 odium
575 1773 607 1809 ex
624 1753 719 1809 invidia
736 1753 831 1810 orieba-

25 1833 86 1885 tur.
133 1829 171 1884 Et
189 1828 267 1884 Junia
284 1830 439 1902 sexagesimo
457 1833 548 1901 quarto
565 1833 624 1902 post
643 1829 829 1901 Philippensem
840 1833 877 1894 76

24 1906 116 1962 aeiem
129 1923 198 1960 anno
209 1924 356 1976 supremum
373 1905 439 1960 diem
457 1906 575 1976 explevit,
593 1907 690 1963 Catone
706 1907 831 1962 aumerle

21 1985 133 2056 genita,
149 1982 179 2037 (l.
193 1983 275 2038 Cassii
290 2001 362 2050 uxor,
379 1983 418 2038 M.
431 1984 507 2038 Bruti
524 2002 602 2040 soror.
638 1983 853 2045 Testamentum

21 2061 89 2132 ejus
107 2059 195 2114 multo
213 2059 282 2130 apud
298 2059 403 2132 vulgum
420 2078 523 2115 rumore
539 2060 596 2126 fuit,
610 2060 670 2132 quia
686 2061 713 2115 in
732 2061 831 2134 magnis

19 2131 137 2208 opibus,
153 2153 212 2190 eum
223 2135 303 2190 ferme
314 2139 420 2192 eunetos
436 2153 553 2207 proceres
569 2155 626 2192 eum
645 2136 740 2192 honore
751 2137 831 2194 nomi-

17 2212 160 2278 navisset,
186 2212 312 2267 Oaesarem
335 2212 428 2268 omisit.
465 2212 542 2272 Quod
561 2213 668 2268 civiliter
691 2217 851 2285 aeeeptumt

16 2307 117 2360 neque
131 2288 266 2360 prohibuit
278 2307 328 2359 quo
340 2289 424 2343 minus
435 2287 579 2350 laudatione
590 2307 637 2359 pro
648 2290 750 2344 Rostris
765 2292 831 2344 oete·

15 2366 120 2437 risque
144 2364 299 2420 sollennibus
315 2365 392 2420 lirum
410 2364 626 2420 sobonestaretur.
661 2364 765 2433 Viginti
783 2363 855 2418 cla-s

14 2443 197 2498 m‘ssimarum
208 2441 361 2496 familiarum
372 2439 496 2512 imagines
513 2439 631 2493 antelatae
647 2441 715 2499 sunt,
732 2432 832 2490 Manlii,

15 2517 163 2584 Quinctii,
178 2518 279 2588 aliaque
292 2516 404 2588 ejusdem
412 2515 554 2569 nobilitatis
572 2513 682 2566 nomina.
713 2505 764 2558 Sed
770 2513 856 2579 praa-s

13 2594 171 2666 fulgebant
191 2593 297 2647 Cassius
315 2597 393 2663 atque
409 2591 519 2653 Brutus,
536 2605 567 2642 eo
584 2586 640 2652 ipso
657 2575 725 2647 quod
740 2571 834 2632 effifflffl

12 2686 121 2726 eorum
136 2688 193 2726 non
204 2668 362 2726 visebantur.
