2026 2992
41 249 58 286 A
75 249 94 288 D
109 248 136 288 85
248 184 447 234 ANNALIUM
463 186 510 235 v1.
526 188 628 236 82—86.
791 189 839 236 20³

41 298 127 360 milite,
137 249 289 352 ¹disserebat
298 319 306 364 ;
324 297 508 352 Pharasmanes
520 297 633 369 integros
651 299 763 352 semeta
780 297 841 352 Par·

41 373 108 428 thioo
127 373 274 438 dominatu,
293 380 390 444 quanto
406 375 503 446 majora
521 377 646 446 peterent,
666 373 726 445 plus
742 372 841 429 decoris

40 450 152 505 victores
174 453 231 514 ant,
254 449 368 520 siterga
389 449 485 508 darent.
509 451 601 521 flagitii
625 454 702 522 atque
725 449 840 522 periculi,

41 525 149 581 laturos.
190 525 274 580 Simul
296 525 424 580 horridam
447 545 551 582 snorum
575 527 661 592 aciem,
686 527 756 598 picta
778 534 864 580 aureo

40 602 181 656 Medorum
202 602 311 672 agmina,
331 601 390 656 hine
406 602 481 668 uros,
497 603 555 657 inde
571 602 681 674 pradum
697 602 839 658 ostendere.

41 677 183 732 Enimvero
213 677 281 748 apud
312 678 439 732 Sarmates
462 697 515 733 non
537 697 589 734 nna
611 697 663 734 vox
692 679 781 734 ducis:
812 679 886 736 se35

42 755 151 824 quisque
176 753 320 821 stimulant,
343 771 375 808 ne
398 773 508 826 pugnam
533 773 579 826 per
597 756 706 826 sagittas
728 755 839 810 inirent:

41 830 140 900 impetn
159 833 189 884 et
206 829 350 885 comminus
366 829 578 901 praeveniendum.
615 831 698 887 Variae
714 831 773 886 hinc
789 830 864 886 bel-2

41 905 151 960 lentium
172 906 282 978 species,
303 924 362 961 eum
381 906 503 972 Parthus,
524 906 598 978 sequi
615 907 657 962 rel
677 908 767 979 fugere
785 909 840 978 pari

42 987 97 1037 arte
118 985 220 1047 anetus,
240 981 392 1037 distraheret
408 986 515 1048 turmas,
534 982 645 1055 spatium
662 983 756 1039 ictibus
774 1001 840 1055 qnae·

41 1063 111 1114 reret
122 1081 130 1124 ;
149 1060 274 1114 Sarmatae
287 1059 380 1113 omisso
392 1077 460 1125 aren,
474 1077 525 1131 qno
536 1060 639 1116 brevius
651 1059 744 1126 valent,
757 1059 840 1116 contis

43 1136 188 1207 gladiisque
199 1140 320 1202 ruerent;
338 1135 413 1190 modo
425 1139 552 1207 equestris
564 1137 648 1208 praelii
658 1137 840 1202 moramentis

43 1219 69 1268 et
80 1213 151 1285 tergi
163 1211 235 1269 vices
242 1235 250 1279 ;
270 1211 410 1283 aliquando,
423 1217 454 1268 ut
466 1218 584 1270 conserte
599 1215 674 1280 acies,
693 1214 840 1286 corporibus

44 1295 71 1344 et
91 1291 171 1360 pulsu
192 1307 320 1344 armorum
341 1289 471 1360 pellerent,
489 1290 650 1362 pellerentur.
687 1292 795 1362 Jamque
813 1296 863 1346 eta

44 1364 137 1422 Albani
149 1365 272 1437 Iberique
285 1384 411 1437 prensare,
424 1365 567 1433 detrudere,
580 1367 716 1440 ancipitem
727 1385 839 1440 pugnam

45 1443 163 1500 hostibus
181 1444 273 1508 facere,
291 1461 354 1514 quos
371 1462 448 1515 super
464 1461 548 1514 eques,
566 1449 593 1499 et
611 1444 769 1516 propioribus
786 1443 840 1499 vul·

46 1520 149 1576 neribus
168 1520 269 1592 pedites
291 1520 451 1575 afflictabant.
487 1521 562 1576 Inter
583 1540 639 1592 quer
656 1521 865 1576 Pharasmanes4

47 1599 203 1672 Orodesqne,
218 1599 279 1654 dum
292 1599 402 1654 strenuis
419 1598 511 1654 emunt
528 1604 572 1655 aut
589 1599 765 1656 dubitantibus
782 1598 840 1654 snb-

46 1677 160 1742 reniant,
182 1676 315 1747 conspicui
334 1693 414 1746 eoque
437 1677 518 1747 gnari,
540 1675 656 1741 elamore,
678 1675 745 1740 telis,
767 1675 840 1745 equis

47 1757 210 1818 coneurrunt,
231 1751 369 1808 instantius
389 1752 587 1808 Pharasmanes:
609 1770 668 1806 nam
684 1751 777 1806 vulnus
795 1768 841 1821 per

45 1829 142 1900 galeam
164 1829 259 1902 adegit.
295 1828 353 1884 Nec
371 1828 463 1884 iterare
478 1828 568 1894 ralrrit,
586 1828 706 1901 praelatus
728 1843 801 1899 equo,
813 1830 864 1882 etc

45 1905 193 1962 fortissimis
218 1904 357 1960 satellitum
380 1905 574 1976 protegentibus
598 1905 720 1960 saucium.
763 1903 841 1959 Fama

44 1987 130 2038 tamen
143 1981 223 2038 occisi
234 1981 299 2036 falso
312 1980 408 2036 credita
423 1981 549 2036 exterruit
565 1982 683 2048 Parthos,
699 1979 840 2036 victoriam-

45 2077 93 2130 que
104 2075 265 2115 concessere.
301 2056 519 2113 MoxArtabanus
528 2062 585 2113 tota
595 2057 661 2112 mole
673 2057 746 2130 regni
756 2057 839 2113 ultum
850 2061 887 2116 36

44 2137 81 2191 iit.
117 2134 344 2190 Peritialoeorum
356 2132 387 2189 ab
399 2133 482 2188 iberis
493 2133 747 2207 meliuspugnatnm.
783 2135 841 2190 Neo

43 2213 100 2268 ideo
118 2211 283 2277 abscedebat,
301 2211 329 2264 ni
346 2211 483 2266 contractis
504 2210 646 2282 legionibus
664 2211 791 2277 Vitellius,
814 2217 841 2268 et

44 2289 148 2344 subdito
173 2305 285 2353 rumore,
309 2291 431 2358 tanquam
457 2287 668 2358 Mesopotamiam
698 2288 841 2354 invasurus,

44 2370 141 2420 metum
158 2365 271 2420 Romani
288 2363 349 2419 belli
372 2363 481 2418 iecisset.
517 2363 583 2418 ihm
605 2363 700 2419 omissa
721 2365 866 2423 Armenian

44 2461 173 2514 versaeque
192 2442 319 2496 Artabani
342 2458 391 2504 res,
412 2438 532 2494 illiciente
555 2440 671 2505 Vitellio,
696 2439 842 2495 desererent

45 2537 137 2590 regern,
150 2537 248 2574 saevum
260 2517 289 2572 in
300 2534 363 2588 pace
375 2519 402 2570 et
414 2515 526 2570 adversis
538 2516 684 2586 proeliornm
696 2516 841 2570 exitiosum.

45 2595 128 2667 Igitur
150 2595 282 2659 Sinnaces,
305 2611 381 2664 quem
399 2596 474 2646 antea
490 2591 618 2646 infensum
635 2591 779 2654 memorari,
798 2601 866 2658 par-³

46 2677 107 2727 trem
131 2671 290 2742 Abdegesen
316 2669 429 2739 aliosque
458 2667 571 2721 occultos
595 2665 701 2731 consilii,
727 2668 754 2718 et
778 2666 842 2715 tunc

47 2749 170 2806 matianis
189 2747 307 2804 cladibus
324 2744 503 2817 promptiores,
520 2743 553 2797 ad
569 2741 738 2796 defectionem
752 2736 846 2798 trahit,
