1862 2952
96 97 143 145 216
429 92 550 142 rncffl

728 156 764 204 [Δ.
776 155 808 196 U.
818 155 844 195 G.
854 157 904 198 Μ.

93 225 152 261 nam
164 205 306 260 albentibus
319 203 387 259 foliis
398 206 480 258 visam
492 207 568 275 atque
580 206 617 260 itu
627 205 834 276 interpretatum
846 212 904 262 trs

94 281 187 347 didere,
207 284 328 351 vergente
349 284 486 335 auctumno
506 286 615 336 mortem
634 281 757 352 principis
780 283 902 338 ostendi.

73 359 163 414 tIllud
175 358 244 412 haud
255 356 400 427 ambigitur,
414 357 591 433 qualicumque
602 358 729 412 insomnio
740 357 796 428 ipsi
807 357 905 414 fratri-

95 453 143 507 que
164 435 301 505 perniciem
322 433 430 488 allatam.
468 435 621 490 Sestertium
639 434 789 506 quindecies
809 439 841 489 et
864 436 905 490 im·

73 513 177 584 asignia
199 515 317 584 preturae
342 511 460 582 Crispino
483 511 592 567 decreta
641 511 743 584 Adjecit
769 513 905 570 Vitellius

94 590 241 646 sestertium
253 587 336 642 decies
350 587 456 652 Sosibio,
469 587 538 659 quod
549 589 726 643 Britannicum
743 591 903 661 praeceptis,

72 666 229 722 tclaudium
252 664 363 718 consiliis
383 663 493 734 juvaret.
542 665 660 736 Rogatus
684 666 850 720 sententium
875 669 903 722 et

95 744 187 814 Scipio,
206 742 298 797 “Cum
321 740 414 807 idem,⁷’
436 743 520 812 inquit
549 741 604 796 “de
629 742 746 796 admissis
772 742 902 814 Poppaesr

94 822 202 876 sentiam
225 818 293 891 quod
316 836 412 884 omnes,
436 822 527 889 putate
551 836 592 874 me
615 818 683 873 idem
707 818 803 884 dicere,
828 819 902 891 quod

94 900 207 964 omnes,”
220 897 330 968 eleganti
341 899 541 967 temperamento
557 897 625 952 inter
643 895 808 968 conjugalem
829 916 903 953 amc·

94 993 148 1030 rem
159 979 186 1030 et
198 973 350 1029 senatoriam
361 973 546 1028 necessitatem.

68 1068 86 1120 5
129 1051 272 1106 Continuus
296 1049 355 1104 inde
379 1053 405 1103 et
429 1068 511 1104 saevus
531 1048 679 1104 moueandis
700 1048 751 1102 reis
775 1049 899 1116 Suillius,

93 1127 217 1198 multique
238 1125 349 1181 audacie
363 1126 419 1197 ejus
435 1126 526 1180 emuli.
563 1125 633 1180 Nam
646 1129 741 1180 cuncta
758 1125 856 1196 legum
873 1131 900 1183 et

94 1204 289 1275 magistratuum
301 1203 388 1257 munia
398 1203 426 1258 in
442 1221 470 1256 se
485 1202 589 1257 trahens
606 1203 738 1272 Princeps,
756 1205 899 1260 materiam

72 1281 222 1352 2praedandi
240 1280 402 1350 patefecerat.
439 1279 497 1333 Nec
517 1279 651 1350 quicquam
669 1277 780 1348 publica
799 1281 899 1336 mercis

93 1362 147 1412 tam
164 1357 253 1413 venale
271 1357 321 1410 fuit
343 1373 419 1426 quam
435 1355 614 1410 advocatorum
632 1354 757 1425 perfidis3
776 1355 846 1412 odeo
866 1359 898 1412 ut

95 1434 202 1500 Samius,
220 1433 327 1504 insignis
345 1450 422 1503 eques
443 1432 583 1497 Romanus,
605 1430 803 1502 quadringentis
820 1451 898 1488 num·

93 1528 192 1565 morum
203 1509 314 1564 millibus
328 1509 416 1563 Suillio
428 1508 494 1562 datis
507 1513 533 1562 et
552 1508 655 1579 cognita
671 1509 909 1578 praevaricationq.

71 1587 161 1644 tiemo
179 1587 208 1643 in
227 1585 302 1640 domo
320 1585 375 1657 ejus
398 1584 550 1640 incubuerit.
587 1584 673 1655 lgitur
696 1585 842 1655 incipiente
866 1587 893 1640 0.

94 1664 156 1719 Silio
176 1663 279 1719 consule
298 1663 437 1734 designato,
457 1662 530 1734 cujus
547 1660 578 1716 dc
592 1661 709 1732 potentia
723 1665 752 1716 et
769 1663 852 1717 exitio
866 1663 895 1718 in

92 1746 207 1814 tempore
226 1741 378 1806 memorabo,
395 1743 553 1812 consurgunt
567 1743 662 1810 patres,
679 1739 818 1810 legemque
834 1739 893 1794 Gin-

93 1820 158 1875 ciam
182 1818 307 1890 flagitant,
333 1835 383 1889 qua
406 1820 511 1872 caretum
534 1816 684 1887 antiquitis,
710 1834 744 1870 ne
769 1816 829 1887 quis
858 1813 892 1870 ob

67 1899 195 1951 Scausam
208 1893 329 1949 orandam
342 1893 476 1964 pecuniam
490 1892 615 1947 donumve
634 1891 752 1962 accipiat.
789 1890 892 1946 Deinde

92 1970 298 2042 obstrepentibus
322 1970 354 2024 iis
378 1969 470 2040 quibus
500 1987 530 2023 es
559 1967 713 2023 contumelia
741 1967 889 2038 parabatur,

92 2046 189 2102 discors
202 2048 290 2102 Suillio
304 2046 381 2101 Silius
393 2045 486 2101 acriter
497 2044 621 2109 incubuit,
629 2048 746 2098 veterum
757 2047 889 2098 oratorum

92 2123 207 2194 exempla
226 2124 346 2188 reserens,
369 2123 413 2192 qni
430 2122 523 2176 tamam
541 2128 567 2176 et
584 2124 702 2192 posteros
716 2121 824 2190 premis
837 2119 888 2174 elo-

69 2201 202 2270 tqueutice
214 2200 395 2272 cogitavissent
412 2198 589 2271 pulcherrima.
625 2197 749 2268 Alioquin
766 2200 795 2252 et
810 2197 885 2251 boua-

91 2297 149 2333 rum
167 2278 259 2333 artium
280 2278 419 2349 principem
437 2275 544 2331 sordidis
562 2273 710 2330 ministeriis
729 2272 834 2337 faederi3
851 2287 885 2326 ne

91 2355 166 2408 fidem
187 2355 288 2423 quidem
306 2355 433 2424 integram
453 2371 561 2416 manere,
581 2351 626 2406 ubi
640 2349 792 2422 magnitudo
806 2366 882 2420 quas·

68 2428 164 2481 8tuum
177 2432 314 2496 spectetur.
351 2429 450 2486 Quodsi
468 2430 496 2482 in
511 2429 606 2483 nullius
622 2426 766 2482 mercedem
781 2423 881 2496 negotis

90 2506 157 2564 eunt,
181 2501 300 2568 pauciora
323 2502 394 2556 lore:
424 2521 493 2558 nuuc
516 2503 669 2570 inimicitias,
700 2502 877 2564 accusationes,

89 2571 147 2624 odia
158 2576 184 2625 et
195 2574 299 2642 injurias
312 2575 399 2640 foveri,
412 2581 443 2630 ut
455 2579 582 2649 quomodo
594 2580 633 2634 vis
645 2579 792 2634 morborum
800 2577 878 2649 prffl's

88 2644 256 2710 medentibus,
278 2648 315 2702 sic
332 2649 382 2702 lori
402 2650 474 2706 tabes
494 2655 629 2722 pecuniam
652 2654 783 2712 advocatis
806 2653 876 2708 ierat.
