1960 2952
59 189 113 228 n
127 188 160 228 rs
280 125 476 176 ssuserurs
494 125 515 174 1.
528 127 631 174 us-su
827 127 858 174 η

59 255 147 307 purum
160 189 274 307 legatus,
294 237 339 307 qui
361 237 519 308 superiorem
541 235 682 290 exmdtnm
702 231 735 288 ud
758 249 861 290 esuum

58 313 167 368 eundem
185 313 334 378 tmherent;
359 313 516 368 destimtm
533 311 632 366 exuidio
647 309 775 366 Ubiorum
791 311 861 380 oppi-

58 388 128 454 dum,
148 388 313 459 imbutnsque
329 389 416 459 predo
431 407 520 444 munus
538 387 566 442 in
583 387 751 458 direptionem
769 385 860 442 Gelliu-

57 483 115 519 rum
128 468 275 535 erupturus.
310 465 431 536 Angebat
442 467 540 520 metum
554 481 649 536 gnerus
661 463 784 519 Romane
796 463 884 520 sedi-2

56 540 137 594 tionis
153 544 190 605 et,
205 540 229 594 si
242 540 406 596 omitteretur
423 541 486 611 ripe,
503 540 638 596 nussum
652 539 741 594 hostis.
779 541 816 594 lt
837 540 860 596 si

57 616 154 670 nnxilir
165 619 194 669 et
205 615 268 670 sooii
280 615 415 672 adversum
430 615 595 670 sbsoedentes
609 614 722 686 legiones
734 633 859 672 muren-

57 697 109 757 tur,
129 691 205 747 uirile
219 691 314 746 bellum
334 691 438 762 suseipi.
474 691 621 746 Periculosa
639 691 770 756 severitus,
785 691 883 764 degi-8

56 769 126 823 tiosu
136 767 258 838 lnrgitio:
278 785 324 821 seu
339 767 405 822 nihil
422 767 496 822 militi
508 767 562 822 sive
578 767 663 822 omniu
679 766 857 833 oonoedentur,

56 843 84 898 in
98 842 207 913 unoipiti
221 860 263 897 res
279 842 387 913 publion
424 843 511 913 Igitur
525 843 650 898 voluistis
668 843 737 897 inter
752 860 780 897 se
799 843 883 900 ruti-t

56 919 151 974 omlrns
160 919 285 989 plnoitnm
298 922 328 973 ut
344 918 458 989 epistole
474 919 576 974 nomine
587 918 709 990 prinoipis
721 917 858 976 seriberen-

56 998 110 1060 tur‚
130 995 279 1049 missionem
299 993 355 1050 duri
372 993 462 1050 vinens
481 993 610 1066 stipendis
627 995 743 1061 meritis;
768 1013 858 1052 uxuuo·

55 1071 139 1127 toruri
157 1071 202 1142 qui
220 1089 282 1126 sens
298 1070 363 1126 dens
380 1071 508 1136 ieoissent,
518 1089 548 1127 eo
565 1071 670 1128 retineri
690 1071 739 1127 sub
757 1073 858 1138 vexillo,

55 1151 204 1204 eeterornm
215 1148 341 1202 inmunes
352 1147 402 1203 nisi
413 1147 577 1218 propulsandi
588 1147 685 1214 hostis;
703 1147 788 1220 legate
801 1167 858 1220 que

56 1224 211 1294 petiverunt,
225 1223 321 1278 exsolvi
333 1223 514 1294 duplicatione.

93 1299 182 1354 Sensit
198 1299 271 1354 miles
286 1299 314 1353 in
325 1303 426 1370 tempos
442 1300 557 1365 oonfietu,
570 1299 709 1370 statimque
722 1298 855 1369 dngitnvit.
866 1307 905 1368 37

55 1374 152 1430 llissio
163 1393 210 1444 per
226 1374 343 1430 tribunos
358 1379 503 1430 maturatur
511 1397 518 1442 ;
536 1374 639 1447 largitio
655 1374 819 1430 differebatur
830 1376 858 1430 in

54 1451 166 1508 hiberna
184 1453 316 1522 cujusque.
352 1452 414 1508 Nou
429 1451 573 1508 ebsoessere
594 1451 712 1523 quintani
729 1452 881 1514 unetvicen

54 1527 209 1598 simonique,
222 1527 301 1582 donee
319 1527 400 1583 isdem
415 1528 444 1582 in
461 1528 557 1584 estivis
571 1531 704 1584 oontruetn
717 1545 750 1583 ex
764 1528 858 1584 viutioo

55 1605 197 1660 minorum
226 1603 357 1674 ipsiusque
385 1604 495 1660 Generis
524 1605 633 1675 peounin
662 1604 856 1676 persolveretur.

55 1681 173 1736 Primum
191 1697 220 1734 en
236 1679 381 1736 vioesimum
397 1680 510 1753 legiones
531 1681 633 1736 Coruino
647 1680 748 1750 legatus
759 1681 788 1734 in
798 1681 881 1743 oiri-3

54 1760 139 1812 tutem
161 1755 288 1811 Ubiorum
311 1756 420 1822 reduxit,
443 1757 515 1828 turpi
534 1757 643 1827 agmine,
669 1773 728 1810 oum
750 1756 806 1811 linei
826 1757 858 1812 de

54 1833 211 1903 imperatore
232 1832 300 1904 rupti
315 1833 383 1888 inter
401 1833 475 1904 signe
490 1833 609 1902 interque
626 1831 723 1902 nqunilns
740 1832 859 1890 veheren-

54 1914 107 1964 tur.
150 1908 316 1964 Gemunious
334 1910 491 1980 superiorem
511 1907 544 1964 nd
561 1908 703 1964 exereitum
719 1908 882 1978 proiectum

54 1983 196 2040 seeundum
211 1987 237 2040 et
253 1985 356 2040 tertium
371 1985 494 2040 decimam
505 1991 533 2040 et
545 1989 644 2040 sextum
660 1984 783 2042 decimum
797 1987 859 2060 legi·

53 2079 126 2126 ones,
151 2060 217 2116 nihil
240 2065 380 2128 ounotetus,
406 2065 564 2118 snornnrento
589 2061 678 2133 adigit.
715 2063 881 2124 anrtedeo

52 2137 149 2194 unani
163 2139 269 2207 paulum
287 2137 483 2194 dubitaverunt:
502 2138 610 2208 pecunie
626 2143 653 2194 et
670 2140 758 2196 missio
773 2160 859 2212 quum·

52 2214 93 2270 uis
105 2233 161 2269 non
172 2213 348 2284 flagitantibus
359 2215 444 2270 obluta
455 2217 503 2270 est.

87 2293 127 2346 At
136 2290 166 2346 in
175 2290 286 2346 Ohnuois
295 2295 438 2361 ooeptuvere
447 2290 597 2348 seditionem
607 2291 753 2363 presidium
762 2293 858 2366 egitur-
866 2304 904 2359 38

49 2372 92 2426 tes
107 2366 235 2422 vexillurii
249 2366 405 2424 discordium
416 2369 553 2440 legionum,
566 2373 593 2427 et
610 2370 730 2441 presenti
750 2370 859 2426 duorum

48 2445 167 2504 militum
186 2443 312 2515 supplicio
331 2445 437 2516 paulum
457 2447 567 2518 repressi
588 2451 657 2502 sunt.
693 2449 812 2503 Jusseret
832 2449 882 2508 idn

48 2522 178 2579 Memmius
203 2521 346 2576 nestrorum
374 2523 519 2594 preelectus,
545 2523 612 2578 bono
635 2525 719 2592 magis
744 2523 859 2590 exemplo

51 2618 133 2670 ‘luam
151 2598 357 2668 0011088301'1110.
394 2598 495 2652 Deinde
512 2598 700 2652 intumesoente
716 2601 790 2648 motu
804 2607 882 2660 pros

50 2676 135 2749 iuguli
147 2675 329 2746 repertusque
340 2677 476 2744 postquem
488 2673 580 2726 intuto
591 2670 704 2730 latebre,
716 2665 862 2734 presidium
