1936 2968
2 261 4 272 }
32 221 137 272 nm]
224 163 420 212 ANNALIUM
437 164 492 213 XV.
511 165 614 216 17-21.
766 165 813 216 347

2 281 3 298 ³
30 277 53 325 et
67 271 216 327 brevitatem
231 273 373 344 adoptionis
391 279 546 330 enumerant.
584 274 652 330 Satis
671 274 747 344 pretii
758 292 814 330 esse
822 290 837 333 :3

30 349 91 404 orbis
114 348 183 420 quod
201 350 281 404 minlta
300 352 444 416 securitate,
463 351 540 406 nullis
558 351 677 406 oneribus
697 351 812 420 gratiam,

29 423 139 491 honores,
153 430 244 480 cuncta
255 431 373 498 prompta
386 432 413 482 et
431 428 505 484 obvia
520 427 650 483 haberent.
688 427 742 483 Sibi
755 434 837 497 pro-4

29 502 100 556 missa
114 503 201 572 legum
219 501 261 556 diu
280 507 414 573 expectata
429 505 457 559 iu
471 504 607 560 ludibrium
622 505 696 572 verti,
714 503 814 575 quando

30 579 88 647 quis,
101 579 157 633 sine
171 577 341 634 sollicitudine
359 597 457 649 parens,
478 581 532 635 siue
548 581 621 636 luctu
637 581 721 646 orbus,
739 581 816 652 longa

29 660 124 724 patrum
136 661 197 710 vota
208 661 312 726 repente
319 655 470 727 adaequaret.
507 657 614 712 Factum
625 676 658 712 ex
669 676 699 712 eo
711 663 836 714 senatusa

30 731 168 786 consultum
186 751 218 787 ne
236 732 354 787 simulata
371 733 474 804 adoptio
491 735 519 788 in
544 734 596 788 nlla
613 743 685 805 parte
703 735 815 789 muneris

29 807 117 938 prrngagici
126 809 237 879 juvaret,
251 827 280 864 ac
295 827 328 864 ne
346 809 498 881 usurpandis
515 810 617 882 quidem
631 810 814 866 hereditatibus

29 901 44 953 p
87 889 164 940 esset.

59 961 126 1015 Exin
139 960 261 1015 Claudius
276 961 425 1018 Timarchus
441 963 572 1018 Cretensis
591 981 649 1017 rens
666 963 758 1034 agitur,
775 967 860 1020 oa-20

28 1037 85 1092 teris
105 1037 261 1104 criminibus,
281 1043 311 1092 ut
331 1038 413 1093 solent
434 1038 563 1110 praevalidi
580 1039 770 1108 provincialium
788 1045 815 1093 et

29 1114 114 1183 opibus
126 1113 214 1168 nimiis
227 1113 259 1168 ad
271 1113 376 1184 injurias
388 1116 514 1170 minorum
531 1115 607 1169 elati:
627 1133 678 1168 una
693 1132 744 1168 vox
760 1115 815 1185 ejus

28 1207 104 1260 usque
116 1189 150 1244 ad
162 1189 341 1244 coubumeham
353 1195 456 1246 senatus
469 1196 654 1262 penetraverat,
668 1190 736 1260 quod
745 1190 815 1245 dicti-

28 1265 104 1321 ttaset
128 1268 158 1320 in
181 1283 228 1320 sua
250 1269 378 1336 potestate
402 1268 480 1322 situm
501 1287 533 1322 aa
552 1266 751 1339 proconsulibus,
772 1269 816 1338 qui

29 1341 128 1398 Cretam
146 1341 326 1408 obtinuissent,
351 1349 439 1414 grates
461 1351 603 1416 agerentur.
641 1346 726 1403 Quam
747 1356 838 1400 occa-2

28 1419 121 1474 sionem
141 1420 231 1474 Paetus
252 1419 364 1474 Thrasea
384 1419 417 1474 ad
436 1420 530 1476 bonum
554 1421 684 1491 publicum
705 1425 814 1487 vertens,

28 1500 161 1568 postquam
174 1494 205 1550 da
214 1513 258 1550 reo
267 1497 536 1566 censueratprovincia
545 1497 624 1552 Creta
633 1497 816 1567 depellendum,

28 1571 77 1628 haec
89 1571 324 1628 addiditz-“Usu
336 1573 470 1642 probatum
489 1577 536 1639 est,
554 1574 645 1628 Patres
664 1573 815 1641 Conseripti,

26 1646 92 1720 leges
104 1649 231 1721 egregias,
244 1649 359 1718 exempla
370 1649 477 1704 honesta
491 1648 559 1721 apud
574 1649 654 1704 bonos
672 1666 704 1702 ox
718 1647 816 1702 delictis

27 1725 131 1782 aliorum
157 1725 235 1796 gigni.
273 1725 314 1780 Sic
338 1731 468 1780 oratorum
490 1725 593 1780 hcentia
612 1724 726 1779 Cinciam
745 1737 840 1794 rogas

25 1803 128 1869 tionem,
150 1801 341 1857 candidatorum
361 1802 470 1857 ambitus
491 1803 573 1857 Julius
589 1803 666 1874 leges,
684 1801 817 1872 magistra-

26 1884 98 1934 tuum
110 1878 219 1936 avaritia
231 1877 367 1948 Calpurnia
383 1879 447 1934 scita
461 1883 622 1950 pepererunt.
659 1877 727 1932 Nam
744 1877 840 1949 cupas

25 1973 100 2026 quam
123 1973 201 2026 poena
222 1959 336 2025 tempore
359 1955 436 2026 prior,
462 1954 589 2010 emendari
612 1973 688 2026 quam
714 1973 818 2026 peecare

25 2033 155 2102 posterius
179 2035 226 2086 est.
271 2031 341 2102 Ergo
366 2031 486 2086 adversm
510 2049 602 2086 novam
625 2030 838 2102 provincialium

24 2110 171 2180 superbiam
183 2108 287 2179 dignum
299 2108 348 2164 fida
360 2108 552 2177 constantiaque
564 2108 680 2162 Romana
689 2109 817 2180 capiamus

24 2187 168 2252 consilium,
186 2202 236 2255 quo
251 2185 340 2240 tutelae
358 2185 483 2240 sociomm
498 2184 562 2238 nihil
580 2184 724 2256 derogetur,
743 2185 817 2241 nobis

22 2265 109 2335 opinio
122 2262 237 2326 decedat,
256 2262 337 2332 qualis
354 2262 460 2332 quisque
475 2261 606 2326 habeatur,
621 2261 681 2317 alibi
699 2281 775 2334 qnam
790 2263 818 2317 in

24 2341 119 2398 civium
137 2337 234 2412 jndicio
255 2356 318 2394 esse.
355 2338 421 2392 Olim
444 2337 545 2408 quidem
563 2356 614 2392 non
631 2339 706 2394 modo
724 2344 860 2410 praetor2l

23 2423 68 2473 aut
80 2416 174 2474 consul
192 2415 236 2470 sed
253 2414 346 2486 privati
366 2414 442 2469 etiam
461 2413 637 2480 mittebantur,
655 2415 699 2486 qui
719 2416 818 2486 provin·

24 2494 76 2549 cias
92 2494 208 2549 viserent
222 2495 256 2557 et,
269 2490 331 2562 quid
350 2490 381 2545 de
402 2491 524 2562 cujusque
542 2490 663 2561 obsequio
680 2490 816 2558 videretur,

24 2572 152 2627 *eferrent
160 2591 167 2635 ;
186 2567 397 2638 trepidabantque
416 2571 506 2637 gentes
522 2565 553 2621 de
568 2566 753 2621 existimatione
768 2565 818 2618 sin·

25 2647 154 2718 guloram.
192 2647 228 2698 At
239 2661 307 2698 nuno
323 2643 430 2696 colimus
448 2644 566 2696 externos
583 2646 609 2695 et
626 2640 756 2692 adulamur
765 2659 773 2700 ;
791 2644 841 2696 eta

22 2722 155 2795 quomodo
168 2717 200 2774 ad
212 2729 304 2774 nutum
316 2719 421 2789 alicujus
434 2721 527 2788 grates,
539 2717 577 2770 ita
590 2711 731 2783 promptius
747 2728 818 2764 accu-
