1936 2968
31 197 82 238 m
91 199 130 248 ⁶³⁸]
210 136 404 186 ANNALIUM
420 139 476 188 XV.
493 141 597 188 49-62.
752 140 800 188 868

28 263 79 301 cura
89 248 189 317 fuerat)
203 247 338 306 accendere
350 253 376 304 et
392 266 498 320 arguere
510 249 671 319 conjuratos;
691 265 719 302 ae
731 251 802 316 post·

26 339 113 379 remum
134 323 296 380 lentitudinis
317 342 404 379 eorunm
428 329 542 396 mussa,
568 325 642 379 etin
665 322 803 393 Campania

25 414 100 468 agens
118 403 240 470 primores
261 401 445 456 classiariorum
462 401 648 456 Misenensium
663 399 802 456 labefacere

24 478 47 526 et
58 477 207 532 conscientia
216 477 314 548 illigare
330 478 434 532 connisa
445 481 484 532 est
496 477 542 530 tali
553 477 633 531 initio.
668 477 731 532 Ilrat
743 485 825 532 nav-2

23 549 104 606 archus
124 553 152 606 in
172 552 297 608 caelasse
313 553 435 608 Volusius
451 552 582 618 Proculus,
596 552 738 608 occidenda
750 571 803 606 ma-

23 625 64 680 tris
83 627 193 684 Neronis
212 629 280 685 inter
296 629 432 694 ministros,
445 647 497 684 non
513 647 545 684 ex
561 629 737 700 magnitudine
749 645 802 683 soe-

22 697 73 755 leris
88 709 273 774 provectuum
289 705 399 761 rebatur.
435 706 464 761 ls
481 705 580 760 mulieri
595 705 655 760 olim
676 705 824 777 cognitone

22 793 61 832 seu
71 797 156 838 recens
168 787 226 836 orta
237 782 354 847 annuitis,
368 782 428 838 dam
440 783 531 838 merita
543 801 603 853 erga
614 784 743 838 Neronem
756 800 803 836 sue

20 856 126 924 utquam
137 859 166 913 in
177 859 277 912 irritum
287 858 438 914 cecidissent
448 859 537 930 aperit,
549 859 686 930 adjicitquc
696 864 801 930 questus

20 933 43 982 ct
59 931 252 990 destinationem
269 935 395 1000 vindicte,
415 935 437 990 si
454 935 562 990 facultas
583 939 706 1000 oreretur,
731 953 802 1006 spem

20 1003 81 1062 dedit
93 1029 168 1080 posse
180 1010 274 1081 impelli
286 1016 312 1065 et
329 1011 414 1082 plures
431 1011 579 1066 conciliare:
597 1031 645 1066 nec
661 1012 716 1066 leve
733 1012 801 1066 auxi·

20 1079 74 1138 lium
84 1086 110 1140 in
121 1088 210 1152 classe,
225 1086 324 1142 crebras
336 1087 487 1152 occasiones,
497 1090 555 1157 quia
563 1088 635 1143 Nero
646 1088 727 1142 multo
735 1087 802 1157 apud

19 1155 131 1218 Puteolos
144 1168 173 1218 et
185 1165 312 1218 Misenum
324 1163 400 1218 maris
412 1183 462 1218 usu
478 1164 619 1219 letabatur.
655 1164 725 1234 Ilugo
741 1163 825 1234 Epi-4

19 1237 191 1314 dansplum
210 1247 236 1298 et
245 1244 330 1298 omnia
339 1243 433 1298 scelera
444 1244 563 1315 principis
573 1243 678 1298 orditur.
698 1242 801 1314 †neque

20 1321 110 1375 uratur
128 1320 197 1392 quod
214 1321 344 1390 manere†.
381 1319 432 1375 Sed
452 1321 581 1392 provisum
598 1339 706 1391 quonam
726 1320 801 1375 modo

20 1406 97 1459 poenas
114 1416 209 1454 eversae
226 1398 264 1453 rei
280 1397 388 1468 publicae
406 1397 485 1453 daret.
521 1398 706 1468 Accingeretur
726 1397 823 1454 modot

20 1482 102 1528 muare
113 1493 217 1546 operam
235 1478 262 1529 et
277 1474 388 1529 militum
404 1474 538 1529 acerrimos
556 1473 647 1530 ducere
663 1474 690 1528 in
706 1477 799 1544 partes,

20 1557 45 1598 tc
61 1547 135 1621 dignu
152 1552 235 1621 pretia
251 1555 407 1622 expectaret.
442 1551 554 1605 Nomina
577 1557 663 1605 tamen
686 1549 823 1619 conjura-6

20 1623 95 1682 torum
112 1629 225 1683 reticuit.
261 1628 339 1683 Unde
356 1628 460 1683 Proculi
477 1628 600 1682 indicium
620 1627 722 1682 irritum
742 1625 800 1691 fuit,

20 1705 124 1766 quanvis
137 1722 235 1776 eaquae
248 1704 362 1760 audierat
378 1704 411 1759 ad
426 1705 556 1759 Neronem
573 1703 714 1760 detulisset.
750 1703 823 1762 Act

18 1773 65 1830 vita
78 1783 171 1852 quippe
188 1781 328 1853 Epicharis,
344 1784 445 1838 etcum
461 1780 543 1835 indice
561 1779 707 1851 composita,
725 1778 800 1834 nullis

18 1852 120 1914 lmtibru
132 1858 242 1912 inuisum
254 1857 328 1912 facile
336 1857 486 1912 confutavit.
524 1855 575 1910 Sed
583 1856 674 1926 ipsein
685 1855 822 1910 custodiat

18 1933 110 1989 retenta
127 1938 175 1998 est,
189 1938 352 2004 suspectante
363 1934 467 1988 Nerone
481 1932 549 1987 haud
568 1933 632 1987 falsa
650 1951 706 1987 esse
724 1932 800 1987 etiam

18 2017 68 2072 que
79 2028 139 2066 vera
150 2029 202 2066 non
213 2009 392 2081 probabuntur.
412 2009 557 2079 Oonjuratis
569 2013 656 2064 tamen
664 2013 735 2063 metu
744 2025 800 2078 pro·
808 2009 845 2064 52

18 2082 113 2148 ditionis
125 2092 247 2163 permotis
260 2091 382 2162 placitum
394 2095 521 2146 maturare
533 2090 627 2145 caedem
645 2090 713 2161 apud
724 2091 800 2146 Baias

16 2159 114 2223 invilla
125 2169 234 2234 Pisonis,
248 2169 321 2238 cnjus
338 2167 483 2223 amaenitate
501 2171 591 2238 captus
610 2167 695 2221 Caesar
713 2167 801 2222 crebro

17 2243 160 2310 ventitabat,
173 2245 325 2315 balneasque
337 2249 364 2299 et
379 2244 465 2314 epulas
482 2243 563 2298 inibat
575 2243 675 2298 omissis
688 2243 800 2299 excubiis

17 2318 41 2368 et
51 2317 160 2376 fortune
172 2339 224 2376 sne
238 2321 312 2375 mole.
349 2319 399 2375 Sed
416 2320 504 2375 abnuit
516 2318 584 2384 Piso,
602 2319 722 2374 invidiam
737 2329 823 2391 pree-2

16 2391 124 2464 tendens,
139 2397 161 2452 si
173 2412 245 2452 sacra
261 2415 354 2452 mensae
370 2397 455 2466 diique
471 2396 608 2467 hospitales
627 2395 694 2451 caede
711 2395 801 2466 qualis-

18 2481 110 2544 cunque
122 2474 243 2545 principis
255 2477 466 2529 cruentarentur:
485 2473 575 2527 melius
590 2470 658 2543 apud
669 2472 758 2526 urbem
774 2470 801 2524 in

17 2541 56 2600 illa
65 2549 146 2606 invisa
157 2553 184 2606 et
196 2551 282 2621 spoliis
290 2551 383 2606 civium
393 2553 511 2605 extructa
523 2549 598 2604 domo
609 2547 649 2603 vel
660 2548 689 2602 in
699 2545 801 2617 publico

18 2627 163 2692 uncturus,
178 2627 245 2696 quod
256 2645 303 2697 pro
315 2645 342 2681 re
356 2625 456 2696 publica
477 2626 656 2693 suscepissent.
691 2623 757 2674 Haec
773 2620 823 2677 ina

19 2712 151 2770 commune,
165 2707 279 2758 ceterum
290 2702 382 2757 timore
394 2700 495 2756 occulto
506 2717 539 2754 ne
551 2699 583 2752 L.
597 2696 698 2750 sumus
710 2693 802 2747 eximis
