1866 2944
169 122 213 170 112
497 119 617 169 raom

786 175 884 228 [aun
913 171 928 212 ι

165 232 209 288 oui
220 248 312 302 pareus
323 231 444 297 Messala,
457 231 589 302 ineratque
600 232 795 304 imago'pateme
810 223 928 290 faenus,

165 307 305 379 respoudit,
322 311 404 364 multa
421 308 521 364 duritia
537 312 655 364 veterum
671 309 699 364 in
717 307 796 362 melius
814 308 840 359 et
859 302 928 358 atu

165 389 266 440 mutata
275 408 282 452 3
300 403 383 456 neque
394 385 469 450 euim,
482 388 513 440 nt
524 384 592 450 olim,
605 385 717 441 obsideri
726 383 805 438 urbem
815 380 883 436 bellis
892 377 928 432 eut

143 463 308 533 tpmvinoias
323 461 429 517 hostiles
445 480 508 518 esse.
544 463 580 516 Et
596 479 679 532 panea
690 461 828 516 feminamm
838 452 928 511 oomni

165 539 263 594 tatibus
275 538 386 604 eonoedi,
400 556 457 609 quae
468 557 500 593 ne
512 539 649 610 conjugum
661 539 759 610 quidem
768 537 871 608 penates
879 531 928 586 ὼ

166 615 248 670 soeios
265 633 318 671 non
335 619 456 681 onerent;
477 618 562 670 oetera
578 615 704 685 promises
720 632 774 669 eum
788 611 878 673 marito,
892 621 928 662 Μ

141 693 246 748 tullum
257 693 285 747 in
296 710 327 748 eo
339 693 407 763 panis
421 691 636 762 impedimentum.
672 691 743 746 Bella
753 690 819 760 plane
830 681 928 742 euantii

167 769 297 825 obeunda:
317 768 362 823 sed
379 767 566 824 revertentibus
583 771 644 839 post
658 768 766 823 laborem
782 763 846 836 quod
859 762 928 816 hoe·

166 846 219 902 tius
237 864 313 917 qnam
330 845 448 900 uxorium
467 844 657 900 levamentum?
679 849 706 898 at
723 842 837 914 quasdam
853 839 878 894 in
893 851 928 890 a*

144 923 289 979 tbitionem
306 925 352 977 aut
375 921 507 976 avaritiam
535 921 673 992 prolapsas.
728 918 809 980 Quid?
841 918 928 987 ipsonn

166 1000 363 1070 magistratuum
386 1015 471 1052 nonne
494 998 628 1069 plerosque
649 997 725 1053 variis
747 994 883 1050 libidinibns
900 987 928 1044 ut

167 1076 279 1131 noxiosl
297 1093 349 1131 uon
360 1078 448 1129 tamen
459 1074 517 1129 ideo
532 1075 658 1129 nemiuem
673 1075 702 1128 in
712 1071 860 1145 provinciam
874 1063 928 1122 ulai

144 1160 158 1206 6
168 1153 309 1223 Oonnptos
321 1170 387 1222 sape
397 1151 565 1223 pravitatibus
574 1169 683 1204 uxorum
692 1150 800 1205 maritos:
818 1165 879 1202 unm
887 1151 928 1216 a!

168 1247 255 1284 omnes
279 1228 378 1284 celibes
401 1229 535 1298 integros?
562 1227 688 1298 placuisse
711 1225 835 1296 quondam
856 1220 928 1294 Opp'r

168 1307 245 1376 leges,
259 1305 296 1360 sie
307 1305 465 1376 temporibus
478 1305 516 1359 rei
527 1303 634 1374 publice
651 1302 852 1375 postrilautibns:
868 1287 928 1354 rel

146 1389 225 1441 lsuin
234 1381 328 1452 aliquid
340 1384 430 1452 postea
441 1385 468 1436 et
474 1381 627 1452 mitigatum,
636 1381 697 1452 quia
707 1376 851 1451 expedierit.
877 1375 928 1436 FU

168 1463 210 1514 tra
223 1463 337 1514 nostram
354 1458 482 1530 ignaviam
498 1457 546 1512 alia
557 1455 590 1510 ad
601 1457 724 1514 voeabula
734 1455 876 1511 transferri:

145 1536 217 1602 aviri
227 1536 256 1590 in
267 1553 297 1590 eo
309 1535 417 1606 eulpam,
427 1535 451 1590 si
461 1535 556 1590 femina
566 1533 669 1588 rnodnm
682 1533 795 1588 exoedat
828 1533 897 1587 Porro

168 1613 245 1667 nnius
257 1616 303 1667 aut
314 1611 421 1668 alterius
433 1611 586 1666 imbeoillum
599 1610 711 1664 animum
726 1609 791 1664 male
805 1607 868 1680 eripi
880 1589 928 1660 ud

145 1703 160 1750 9
169 1690 203 1745 tis
216 1689 344 1744 aeneortia
354 1707 440 1756 rernm
449 1686 617 1742 secundarum
626 1686 844 1756 adversarumque.
891 1681 896 1692 ’

169 1785 258 1822 sexum
281 1768 373 1820 natura
396 1763 535 1820 invalidum
553 1762 642 1831 deseri,
663 1767 690 1818 et
711 1763 805 1833 exponi
823 1758 892 1816 suol

131 1841 330 1914 loenpidinibus
348 1841 444 1896 alienis.
480 1840 535 1894 Vix
550 1839 670 1910 prasenti
687 1839 804 1894 eustodia
817 1849 905 1892 manat

168 1919 228 1974 lesa
240 1919 374 1990 eonjugia:
393 1916 455 1988 quid
466 1916 529 1982 fore,
542 1917 565 1972 si
577 1917 718 1988 perplures
730 1933 809 1970 annos
821 1916 850 1970 in

169 1995 269 2050 discidii
289 1994 487 2050 oblitterentur?
506 1993 543 2048 eie
561 1993 661 2048 obviam
680 1993 748 2048 irent
768 1993 800 2048 iis
824 2009 878 2063 qna

132 2083 159 2130 ll
170 2077 342 2144 peccarentur,
351 2076 382 2126 nt
390 2072 546 2143 flagitiorum
557 2072 627 2127 urbis
638 2071 821 2126 meminissent.
857 2072 878 2124 A
902 2064 907 2076 '

131 2147 689 2297 ettltdltltltlllltmttt
718 2149 855 2284 {lisine
889 2220 905 2308 χ

169 2307 318 2376 Augustum
346 2304 373 2357 in
396 2302 562 2358 Oooidentem
585 2306 661 2373 atque
685 2302 817 2358 Orientem
842 2308 911 2356 mea

132 2381 263 2434 ltoomite
274 2379 355 2434 Livia
393 2380 426 2434 Se
442 2397 543 2450 quoque
558 2379 586 2434 in
603 2377 734 2450 Illyricum
750 2378 899 2450 protentum:

170 2453 193 2506 si
209 2454 247 2507 ita
263 2453 395 2519 oonduoat,
415 2454 476 2509 alias
497 2455 529 2509 ad
546 2459 637 2526 gentes
655 2455 759 2521 iturum,
779 2454 851 2510 haud

170 2545 242 2596 oeqno
254 2529 344 2594 animo,
361 2531 383 2584 si
399 2530 431 2586 ab
446 2550 527 2586 uxore
544 2534 675 2588 sanissima
692 2538 719 2590 et
735 2538 776 2589 tot
794 2551 876 2589 oomm
900 2528 904 2540 '

170 2601 308 2656 liberorum
326 2609 430 2672 parente
448 2607 618 2664 divelleretur.
656 2611 698 2667 Sia
716 2611 823 2667 Osann
840 2629 882 2667 seu

21 2679 38 2688 “
124 2677 160 2728 35
170 2675 248 2730 elusa
283 2677 318 2730 Et
336 2681 444 2748 proximi
464 2689 570 2740 senatus
591 2687 632 2744 die
654 2688 773 2745 'liberius
793 2706 840 2760 per
870 2689 875 2700 '
926 2745 928 2760 ,
