1862 2952
43 165 123 224 ma]
198 115 320 163 'ruem
337 115 468 164 ANNAL.
485 117 515 164 V.
534 117 604 164 1-4„
749 115 793 166 m

41 217 123 278 decretos
133 226 208 298 qussi
224 243 271 295 per
288 225 438 282 modestiam
451 225 586 289 imminuit,
604 222 692 294 peuda
711 221 795 277 admo·

39 295 79 354 dm
88 302 198 374 rmeptis,
211 305 240 356 et
249 301 335 356 addito
344 319 377 356 ne
385 301 494 356 celestis
502 300 593 372 religio
605 299 797 354 decerneretur:

39 374 141 448 seipsam
159 378 290 432 maluisse.
327 377 397 437 Quin
415 381 441 432 et
459 381 532 448 purte
554 375 668 448 ejusdem
686 375 822 448 epistolam

37 449 131 524 increpuit
144 454 271 508 amicitias
283 454 425 520 muliebres,
439 453 541 508 Fufium
557 453 687 508 modern
697 451 800 524 oblique

36 531 190 602 mntdngens.
228 529 256 584 Is
273 529 356 601 gretia
373 530 497 602 Anguste
511 529 640 593 floruerat
653 533 728 600 aptus
745 527 821 584 aiii-8

35 603 107 661 senus
126 607 279 662 feminarum
302 606 400 674 animis,
424 605 497 661 diem
520 604 595 671 idem,
619 608 647 660 et
670 605 799 660 Tiberium

32 681 108 736 aeerbis
122 683 223 738 facetiis
239 682 345 738 irridere
366 682 463 747 solitum,
482 700 590 753 quarum
612 680 681 753 apud
703 699 799 754 prepo

32 759 98 813 tentes
113 760 139 814 in
154 759 261 830 longum
276 760 397 814 memoria
413 763 461 813 est.
506 758 627 814 Ceterum
642 775 674 814 ex
690 775 722 814 eo
738 765 825 828 pree

32 838 92 904 rupta
104 837 155 906 jam
172 839 202 889 -et
222 854 319 907 urgens
340 834 484 890 dominatio.
521 835 589 890 Nam
609 833 730 890 meoiumi
748 835 799 888 An·

29 915 92 978 gusta
102 916 154 966 crat
171 911 253 967 adhue
266 911 422 984 perfugium,
438 911 498 982 quia
513 911 614 966 Tiberio
630 911 800 966 inveteratum

28 997 79 1056 erga
93 995 196 1042 matrem
213 987 371 1058 obsequium,
390 1005 472 1058 neque
491 988 598 1058 Sejanus
616 986 725 1042 audebat
743 1004 799 1042 suo·

26 1062 113 1117 toritati
135 1065 246 1134 mentis
270 1065 376 1118 antcire.
412 1063 484 1118 'lime
507 1063 578 1120 velut
602 1063 680 1118 benis
704 1062 821 1122 exolutis

24 1143 190 1210 proruperunt,
215 1140 348 1210 missaeque
371 1139 399 1194 in
421 1139 589 1211 Agrippinam
613 1157 642 1194 ao
670 1138 799 1196 Neronem

23 1211 112 1282 littera,
131 1233 192 1286 quas
213 1216 311 1287 pridem
331 1215 420 1270 alietas
440 1221 466 1270 et
488 1215 612 1270 cohibitas
633 1215 665 1270 eb
682 1217 801 1287 Augusta

23 1289 121 1344 eredidit
132 1293 237 1363 vulgum:
256 1292 325 1347 hand
337 1293 404 1346 enim
418 1291 527 1346 multum
545 1295 602 1363 post
619 1295 727 1348 monem
743 1293 799 1363 ejus

23 1366 126 1421 cebete
142 1373 208 1422 aunt.
243 1368 331 1423 Verba
346 1369 445 1423 merent
461 1369 568 1441 quesita
583 1369 735 1440 asperitete:
755 1367 822 1424 seda

20 1455 68 1493 uon
85 1459 160 1508 arma
179 1463 229 1499 non
249 1463 335 1499 rerum
353 1463 475 1500 novarum
496 1444 629 1509 studium;
647 1463 744 1500 amores
759 1445 800 1515 ju·

21 1533 109 1570 renum
124 1523 151 1573 et
163 1520 352 1591 impudicitiam,
370 1522 457 1592 nepoti
473 1521 623 1593 objectabat.
660 1521 694 1576 In
708 1531 824 1576 umarus

19 1605 50 1644 ue
68 1593 96 1646 id
116 1595 213 1664 quidem
234 1598 378 1668 confingere
401 1615 485 1664 ausus,
506 1597 676 1669 arrogantiam
700 1598 751 1652 oris
775 1603 801 1652 et

20 1672 186 1726 contumacem
201 1674 313 1728 animum
328 1673 462 1739 incusavit,
480 1693 572 1746 magno
590 1677 694 1730 senatus
709 1692 801 1746 pavore

21 1759 47 1796 ac
58 1744 172 1814 silentio;
191 1749 269 1804 donce
281 1750 362 1820 pauci,
373 1751 431 1820 quis
444 1751 512 1806 nulla
525 1769 556 1805 ex
567 1751 676 1805 honesto
688 1769 753 1821 spes,
765 1753 802 1820 (et

19 1819 116 1886 publica
127 1825 190 1880 mala
200 1825 307 1898 singuiis
323 1827 351 1880 in
366 1827 523 1882 occasionem
537 1827 626 1898 gratiae
644 1827 800 1896 trahuntur,)

18 1898 47 1981 nt
60 1897 196 1956 resumetur
212 1903 380 1974 postulavere,
399 1905 590 1974 promptissimo
609 1903 687 1958 Cotta
704 1904 801 1958 Messa·

17 1968 75 2036 huo,
99 1993 155 2031 curn
179 1980 259 2034 atroci
282 1980 416 2034 sententia.
454 1979 504 2034 Sed
528 1980 583 2034 aliis
607 1979 823 2050 eprimeribus‚t

17 2049 171 2124 maximeque
191 2074 206 2109 a
223 2055 423 2126 magistratibus,
440 2056 631 2126 trepidabutur:
650 2057 743 2128 quippe
761 2058 802 2112 'Ii-

16 2117 106 2209 berius,
120 2130 169 2185 etsi
180 2131 277 2186 infense
289 2132 412 2197 invectus,
427 2138 511 2188 cetera
523 2132 642 2200 ambigua
657 2133 801 2204 reliquerat.

16 2194 336 2285 1‘'ultiusenetuJunins
354 2209 486 2273 Rusticus,
505 2207 683 2278 componendis
701 2214 829 2280 putrum4

15 2277 77 2328 fletis
98 2279 210 2338 deiectus
230 2302 245 2338 a
265 2285 373 2348 Caesare,
394 2302 473 2354 eoque
495 2283 672 2340 meditationes
693 2286 747 2357 ejus
766 2287 802 2342 in·

14 2350 150 2436 ititepaioere
174 2360 294 2416 creditus.
330 2361 358 2416 Is
383 2361 455 2415 fatali
479 2361 587 2431 quodem
610 2365 683 2414 motu
707 2364 825 2433 (nequer

14 2441 79 2482 emm
103 2439 165 2490 ante
187 2438 315 2509 specimen
336 2437 487 2492 constantiae
511 2437 634 2506 dederat)
657 2456 703 2493 seu
726 2456 804 2508 prava

14 2501 130 2575 sollertia,
153 2512 212 2567 dnm
233 2515 419 2571 imminentium
437 2513 531 2568 oblitus
552 2513 650 2570 incerta
665 2519 748 2583 pavet,
767 2514 803 2566 in-

13 2591 94 2636 serere
106 2604 135 2640 se
149 2589 332 2653 dubitantibus,
343 2607 372 2643 ac
379 2607 482 2643 monere
491 2589 607 2642 consules
615 2607 647 2640 ne
657 2589 804 2640 relationem

11 2649 172 2730 inciperent5
190 2665 382 2738 disserebatque
405 2661 525 2715 brevibus
550 2659 684 2711 momentis
708 2671 807 2706 summu
