1862 2952
154 100 201 148 1⁸4
486 97 607 146 Tuom
785 151 905 196 mm

129 214 272 281 2tanquam
294 208 408 264 referret.
446 209 575 280 Scipiones
593 209 648 263 brac
665 209 691 262 et
708 157 784 262 Sibai
794 208 816 260 et
830 199 904 264 cassii,

151 285 234 340 isdem
258 286 336 340 ferme
355 289 399 340 aut
417 284 520 355 paulum
544 284 686 339 immutatis
706 282 790 347 verbis
805 293 907 335 marna

149 363 219 416 tione
241 362 322 416 multa
339 362 484 428 censebant,
502 380 560 416 oum
578 364 683 432 repente
697 359 814 431 Togonius
827 355 904 444 Gulqs.

149 437 208 492 dum
238 438 424 509 ignobilitatem
453 457 525 493 suam
552 437 652 509 magnis
675 435 808 492 nominibus
827 433 904 500 beent,

127 529 194 585 3per
206 515 373 570 deridiculum
389 515 499 570 auditur.
534 515 604 570 Nam
621 515 757 586 prinoipem
772 511 845 568 orabat
858 507 920 566 dut.

147 611 207 664 gere
228 597 366 658 senatores,
388 612 419 648 ex
439 593 500 664 quis
523 593 615 664 viginti
638 596 708 648 sorte
730 590 795 647 ducti
813 593 835 644 et
852 587 905 642 ferro

147 670 260 735 accincti,
275 671 391 741 quotiens
404 671 500 725 curiam
511 670 612 734 inisset,
632 669 738 725 salutem
755 668 803 739 ejus
813 662 920 730 delenda-3

125 751 211 802 erent.
248 746 398 802 Crediderat
409 747 527 801 nimirum
542 746 664 817 epistolae,
680 737 788 801 bubsidio
803 741 843 797 sibi
856 741 920 798 alle-2

145 841 203 877 nrm
215 842 247 878 cx
258 823 404 878 consulibus
416 823 551 894 poscentis,
567 827 596 878 ut
613 826 688 877 tutus
699 841 716 876 a
729 819 822 892 Capreis
835 816 920 884 urbem}

123 904 254 970 tpetcret.
298 900 414 955 liberius
438 904 532 964 tamen,
557 898 667 954 ludibria
689 898 759 953 seriis
784 894 908 967 permiscere

145 977 243 1042 sobius,
268 976 321 1048 egit
345 981 430 1048 grates
460 975 642 1031 benevolentiae
666 979 778 1046 patrum:
800 970 840 1027 sed
859 985 907 1040 qum

145 1053 229 1107 omitti
242 1071 322 1124 posse,
337 1072 400 1124 quos
413 1053 510 1122 deligi?
528 1070 660 1122 semperne
672 1050 772 1106 eosdem
783 1068 812 1104 au
824 1043 908 1103 subinde

144 1129 226 1184 alios?
245 1133 271 1184 et
284 1130 421 1185 honoribus
439 1129 585 1200 perfunctos
603 1147 636 1182 an
648 1127 762 1199 juvenes,
779 1126 907 1198 privatum

144 1224 159 1261 a
171 1205 382 1278 magistratibus?
401 1225 476 1278 quam
494 1205 584 1260 deinde
596 1205 707 1276 speciem
719 1205 772 1259 fore
782 1201 909 1258 surrentin!

144 1283 171 1337 in
194 1282 279 1337 limine
303 1283 379 1338 curia
402 1282 519 1355 gladios?
537 1282 630 1352 Neque
654 1281 703 1336 sibi
727 1281 802 1336 vitam
817 1277 877 1340 tanti,
900 1271 907 1288 ’

121 1359 220 1414 tarmis
231 1359 342 1430 tegenda
355 1359 429 1414 foret.
473 1360 538 1414 Haeo
553 1358 674 1413 adversus
690 1358 832 1431 Togonium,
843 1372 877 1408 uer
890 1351 895 1364 '

143 1438 276 1493 moderans
284 1461 291 1506 ;
310 1457 394 1510 neque
411 1438 480 1494 ultra
495 1437 657 1494 abolitionem
673 1437 804 1492 sententia
818 1432 870 1489 suad

118 1515 179 1570 ent
191 1516 298 1570 Junium
311 1515 458 1581 Gallionem,
472 1515 516 1587 qui
528 1517 661 1570 censuerat
672 1517 703 1568 ut
715 1511 851 1585 pretoriani
891 1507 896 1520 '

142 1592 274 1663 stipendiis
289 1593 331 1663 jus
350 1593 524 1663 apiscerentur
540 1592 568 1646 in
586 1590 789 1662 quattuordecim
803 1587 873 1644 ordini

142 1669 253 1739 sedendi,
264 1669 389 1725 violenter
406 1669 540 1740 increpuit,
553 1668 624 1723 velut
640 1685 725 1722 coram
741 1668 847 1739 rogitans
863 1681 877 1733 q
890 1661 895 1674 '

140 1745 178 1800 illi
195 1765 254 1801 cum
268 1745 399 1811 militibus,
413 1763 477 1817 quos
494 1762 576 1816 neque
594 1743 663 1799 dicta
677 1743 862 1815 imperatorisn
905 1752 907 1754 ’

118 1825 244 1893 apraemia
268 1823 318 1878 nisi
342 1823 374 1878 ab
391 1823 543 1894 imperatore
561 1821 674 1892 accipere
692 1825 828 1892 parasset.
859 1817 909 1885 Rep-

140 1901 235 1969 perisse
259 1918 363 1972 prorsus
381 1899 450 1971 quod
470 1899 544 1955 divus
564 1900 700 1970 Augustus
718 1916 771 1953 non
787 1891 907 1969 providet

138 1978 181 2030 An
202 1977 287 2048 potius
305 1976 456 2032 discordiam
474 1979 501 2031 ct
518 1974 668 2030 seditionem
687 1993 702 2028 a
720 1973 829 2030 satellite
845 1971 878 2042 Sej
899 1965 906 1980 '

139 2055 278 2123 quesitam,
293 2073 343 2124 qua
353 2053 430 2108 rudes
442 2053 538 2108 animos
551 2053 652 2108 nominc
663 2051 768 2106 honoris
780 2051 812 2105 ad
823 2068 850 2105 oo

116 2130 248 2200 spendum
261 2131 356 2185 militie
366 2148 460 2185 morem
470 2129 629 2200 propelleret.
660 2128 839 2199 Hocpretium
889 2121 894 2132 '

137 2206 274 2262 meditatae
287 2207 438 2262 adulationis
456 2207 524 2272 tulit,
544 2205 632 2261 statim
650 2205 728 2270 curis,
747 2203 837 2260 deinde
892 2197 896 2210 '

137 2287 260 2348 exactus;
278 2287 305 2337 et
317 2285 377 2355 quia
387 2283 551 2339 incusabatur
567 2281 640 2337 facile
657 2281 814 2337 toleraturus
829 2278 878 2335 exili

136 2359 235 2414 delecta
257 2361 350 2425 Lesbo,
375 2362 459 2416 insula
480 2359 561 2416 nobili
579 2364 605 2416 et
624 2377 728 2425 arnoena,
748 2353 905 2416 rctraluituriu

112 2432 225 2487 eurbcm
249 2435 443 2506 custoditurque
461 2436 576 2492 domibus
600 2437 807 2509 magistratuum.
841 2432 903 2490 Isleu

134 2505 227 2584 litteris
240 2509 326 2562 Caesar
338 2511 455 2566 Sextium
466 2513 639 2568 Paconianum
653 2514 803 2585 pretorium
814 2507 903 2585 prodit

134 2596 226 2648 magno
247 2586 350 2651 patrum
370 2587 471 2654 gaudio,
494 2588 624 2654 audacem,
646 2589 798 2660 maleficum,
818 2587 905 2644 omniun

32 2737 51 2741 ᾧ
133 2659 231 2707 secreta
256 2656 397 2723 rimantem,
423 2661 603 2736 delectumque
627 2683 642 2720 a
667 2667 761 2739 Sejano
785 2671 854 2740 cujus
873 2675 918 2756 opt¹
