1960 2952
132 145 163 192 20
464 140 584 191 TAClTl

773 203 808 252 [s.
817 201 844 241 u.
851 202 873 240 o.
884 200 927 243 rer.

131 253 244 310 curabat.
298 253 425 325 Regimen
449 271 554 308 summae
577 251 615 308 rei
638 268 716 322 penes
741 250 930 318 Germanicum,

110 329 229 401 eugendo
254 330 393 385 Galliarum
413 331 502 386 censui
520 333 576 384 tum
595 329 732 383 intentum.
769 326 820 382 Sed
836 327 930 398 quibus

132 407 209 461 Silius
229 406 414 473 moderabatur,
436 410 522 462 mente
543 405 662 476 anibigua
681 404 811 458 fortunam
827 401 930 458 seditio

131 483 171 538 nis
192 482 280 537 aliene
298 483 509 554 speculabantur:
528 481 655 537 inferioris
673 481 800 535 exercitus
815 480 888 534 miles
903 480 932 534 in

132 558 228 613 rabiem
240 559 373 630 prolapsus
386 563 433 625 est,
447 564 505 614 orto
514 559 547 614 ab
558 556 780 612 unetvicesimanis
790 556 932 627 quintanis·

132 659 182 712 qne
193 642 274 708 initio,
288 646 314 697 et
326 643 416 698 tractis
428 643 510 713 prima
526 658 626 712 quoque
644 658 674 694 ac
689 639 809 694 vicesima
824 639 933 710 legioni-

133 717 180 772 bus
191 742 197 772 :
216 737 274 773 nam
285 718 367 774 isdem
378 719 473 774 aestivis
484 719 513 774 in
524 717 616 772 linibus
628 716 756 772 Ubiorum
771 715 933 772 habebantur

109 801 177 865 4per
189 794 269 849 otium
281 799 326 849 aut
338 795 404 850 levia
414 795 508 850 munia.
544 794 631 864 Igitur
646 791 734 847 audito
746 792 796 846 fine
807 793 932 863 Augusti,

131 872 266 927 vernacula
283 872 421 927 multitudo
437 890 520 942 nuper
538 875 596 926 acto
611 871 639 924 in
654 869 718 924 urbe
735 869 843 934 delectu,
859 868 934 924 lasci·

131 948 179 1002 viae
196 953 276 1014 sueta,
289 948 404 1003 laborum
419 948 565 1012 intolerans,
583 945 687 1016 implere
699 948 842 1000 ceterorum
853 945 934 1000 rudes

132 1025 245 1079 mimos:
265 1025 364 1080 venisse
384 1029 486 1096 tempus
508 1041 558 1095 quo
574 1022 688 1078 veterani
703 1025 829 1077 maturam
849 1021 934 1076 missi-

132 1120 213 1167 onem,
219 1103 326 1174 juvenes
337 1103 448 1174 largiora
460 1101 593 1173 stipendis,
607 1100 694 1154 cuncti
705 1099 808 1153 modum
820 1098 935 1153 miseria·

131 1199 188 1234 rum
203 1185 377 1252 exposcerent,
395 1181 569 1250 saevitiamque
587 1177 765 1232 centurionum
781 1177 935 1232 ulcisceren-

109 1262 182 1310 otur.
219 1257 281 1312 Non
292 1276 359 1311 unus
372 1257 433 1321 hacc,
446 1261 476 1310 ut
488 1255 648 1311 Pannonicas
660 1254 727 1308 inter
741 1253 853 1324 legiones
872 1253 935 1307 Per·

132 1333 248 1399 cennius3
261 1352 309 1388 nec
318 1333 386 1404 apud
393 1332 504 1404 trepidas
512 1331 622 1386 militum
635 1348 716 1394 eures,
725 1329 788 1384 alios
796 1327 935 1384 validiores

77 1457 78 1460 ,
132 1417 258 1471 exercitus
270 1417 460 1488 respicientium
470 1435 476 1480 ;
494 1413 540 1470 scd
551 1413 633 1467 multa
645 1411 777 1468 seditionis
789 1429 835 1466 ora
845 1430 936 1467 voces·

132 1511 199 1564 que:
219 1511 266 1548 sua
277 1493 304 1546 in
315 1511 392 1546 manu
406 1493 483 1547 sitam
499 1509 554 1545 rem
569 1490 729 1554 Romanam,
748 1488 801 1542 suis
817 1488 936 1544 victoriis

132 1569 220 1640 augeri
240 1587 294 1623 rem
312 1569 453 1639 publicam;
470 1569 497 1622 in
516 1584 592 1622 suum
611 1567 807 1637 cognomentum
825 1563 937 1621 adsciscr

131 1645 304 1714 imperatores.
927 1673 930 1680 .

87 1727 124 1780 32
165 1721 223 1777 Nec
241 1721 342 1794 legatus
363 1721 463 1777 obviam
482 1720 553 1775 ibat:
572 1718 666 1790 quippe
683 1717 794 1788 plurium
813 1716 937 1772 vecordia

109 1798 299 1854 aconstantiam
323 1803 458 1852 exemerat.
512 1797 630 1867 Repente
653 1792 777 1866 lymphati
799 1792 936 1849 destrictis

131 1874 221 1945 gladiis
239 1875 266 1929 in
284 1874 445 1929 centuriones
463 1871 602 1928 invadunt:
622 1889 653 1925 ea
670 1869 846 1924 vetustissima
870 1870 937 1924 mili·

110 1950 229 2004 acubus
241 1949 306 2004 odiis
318 1950 444 2015 materies,
457 1953 484 2004 et
496 1946 616 2003 saeviendi
628 1946 788 2017 principium.
814 1945 936 2000 Prostra·

130 2029 172 2080 tos
184 2025 331 2081 verberibus
343 2025 463 2090 mulcant,
478 2023 612 2095 sexagenis
625 2022 746 2092 singulos,
756 2025 937 2077 utnumerum

131 2102 308 2157 centurionum
320 2102 497 2172 adaequarent:
516 2105 573 2155 tum
585 2099 720 2154 conpulsos
731 2097 895 2168 laniatosque
907 2101 937 2153 et

75 2233 91 2244 ,
130 2179 224 2249 partim
243 2178 373 2233 exanimos
394 2181 454 2232 ante
472 2176 567 2233 vallum
588 2179 633 2230 ant
648 2176 675 2229 in
693 2192 791 2229 amnem
809 2173 937 2228 Rhenum
978 2231 979 2238 ,

108 2255 275 2326 aprojiciunt.
313 2253 452 2324 Septimius
464 2271 523 2308 cum
535 2252 691 2323 perfugisset
708 2250 741 2305 ad
758 2249 876 2304 tribunal
892 2267 937 2321 pe·
978 2249 979 2316 ff

131 2329 256 2401 dibusque
268 2331 377 2386 Oaecinne
389 2329 574 2393 advolveretur,
594 2345 625 2382 eo
641 2344 723 2398 usque
738 2325 875 2397 flagitatus
893 2329 936 2380 est
977 2317 979 2390 l

110 2405 212 2460 odonec
236 2407 268 2461 ad
291 2407 398 2462 exitium
422 2405 565 2460 dederetur.
602 2403 707 2458 Cassius
732 2402 846 2466 Chaerea,
873 2419 937 2457 mox

132 2481 200 2536 caede
213 2482 242 2536 Ο.
256 2483 364 2538 Caesaris
376 2483 522 2536 memoriam
535 2480 603 2553 apud
614 2485 730 2551 posteros
743 2477 862 2550 adeptus,
876 2483 936 2534 turn

133 2556 278 2612 adolescens
297 2562 323 2612 et
341 2559 419 2612 animi
435 2559 516 2623 ferox,
535 2558 603 2613 inter
621 2556 753 2612 obstantes
772 2559 799 2609 et
817 2558 936 2610 armatos

11 2705 17 2716 .
111 2633 279 2686 olerroviam
291 2633 419 2702 patefecit.
456 2634 518 2689 Non
533 2633 653 2689 tribunus
671 2633 747 2697 ultra,
765 2649 817 2686 non
832 2636 936 2686 castro-
977 2667 978 2678 .

132 2725 189 2761 rum
213 2707 349 2778 prefectus
368 2710 410 2779 jus
429 2709 556 2765 obtiniut:
576 2710 683 2780 vigilias,
704 2708 836 2773 stationes,
861 2712 890 2762 et
912 2707 935 2762 si
