1862 2952
209 151 403 202 ANNALIUM
419 153 464 200 vl.
484 153 585 200 Μ.
743 148 790 199 aas

38 209 167 317 arasarrp³

38 257 132 326 Quum
167 281 226 317 esar
243 263 274 318 ad
291 264 398 335 gloriam
409 262 497 323 vertit.
510 261 620 317 exolutis
633 259 754 316 domuum
766 265 793 316 et

37 333 148 392 nudarum
163 339 253 408 pretiis.
290 340 389 395 Millies
407 339 555 394 sestertium
573 355 604 393 ea
620 337 795 394 munificentia

36 409 163 479 wlocstnm,
175 419 244 470 tanto
256 415 386 486 acceptius
398 415 426 468 in
438 414 552 485 vulgum,
566 417 661 484 quanto
678 412 793 468 modicus

35 486 117 554 privatis
138 490 346 546 edificationibus.
383 491 425 545 Ne
436 489 537 560 publice
556 489 657 560 quidem
675 489 725 545 nisi
742 488 816 546 duod

34 576 93 630 opera
112 567 204 632 sinuit,
222 567 345 638 templum
362 567 484 637 Augusto
501 570 528 620 et
552 583 653 620 scenam
677 566 794 637 Pompei-

34 638 65 692 uri
83 640 178 708 theatri;
191 649 274 714 'eaque
292 643 412 714 perfecta
432 645 581 712 contemptu
599 641 744 698 ambitionis
761 661 795 696 an

33 729 68 782 per
77 722 225 785 senectutem,
238 719 307 774 baud
318 719 452 774 dedicavit.
488 717 540 772 Sed
551 717 700 773 oestbnando
712 719 817 788 cujusl

34 806 72 858 que
81 791 217 850 detrimento
229 800 351 867 quattuor
366 795 500 866 progeneri
517 795 632 860 Gaesaris,
646 795 693 849 On.
707 795 795 850 Domi·

32 865 79 932 tius,
91 869 181 926 Cassius
192 873 334 943 Longinus,
347 872 386 926 M.
399 871 523 938 Vinicius,
535 871 670 926 Rubellius
682 869 795 926 Blandus

33 939 110 1011 delecti,
122 947 267 1019 additusque
279 948 450 1003 nominatione
462 947 593 1002 consulum
605 948 636 1002 P.
649 947 794 1002 Petronius.

31 1015 60 1072 nt
74 1039 113 1090 pro
126 1023 222 1095 ingenio
240 1025 364 1096 cujusque
381 1023 481 1094 quaesiti
499 1022 644 1094 decretique
661 1023 689 1078 in
705 1023 816 1094 princi-6

30 1111 77 1162 pen
95 1098 201 1156 bonores.
238 1101 311 1160 Quos
335 1099 449 1154 omiserit
467 1101 633 1170 receperitve,¹
652 1099 679 1154 in
696 1099 794 1155 incerto

30 1169 70 1226 fuit
89 1174 117 1230 ob
132 1178 297 1248 propinquum
313 1177 373 1231 sita
396 1177 480 1230 finem.
517 1176 609 1246 Neque
627 1177 694 1230 enim
714 1176 816 1232 multod

30 1252 77 1314 post
87 1255 186 1322 supremi
198 1254 298 1309 risorio
312 1252 436 1316 consules,
450 1251 497 1306 Cn.
509 1252 671 1317 Acerronius,
685 1253 714 1307 O.
727 1253 863 1334 P0⁰·¹r's⁰0⁰·

30 1321 78 1390 lius,
96 1329 265 1400 magistratum
285 1346 412 1400 omepere
433 1327 511 1382 nimia
532 1329 584 1400 jam
604 1329 718 1399 potentia
737 1329 850 1384 blla-sn.

30 1402 111 1469 oronim
122 1406 161 1474 qui
172 1407 277 1477 gratiam
288 1405 317 1460 Ο.
327 1405 441 1469 Caesaris,
451 1423 581 1476 nunquam
590 1406 638 1460 sibi
645 1405 794 1477 neglectam,
809 1393 840 1432 ³⁷·

28 1477 97 1533 mrius
107 1479 131 1534 in
141 1481 191 1537 dies
202 1481 313 1547 fovebat,
327 1480 512 1552 impuleratque
527 1486 586 1552 post
598 1487 706 1537 mortem
719 1482 792 1536 Clau-

29 1548 71 1617 dia,
90 1573 157 1626 quam
174 1562 280 1629 nuptam
299 1558 322 1612 ei
339 1557 435 1623 rettuli,
460 1576 566 1612 uxorem
590 1577 662 1614 suam
686 1558 796 1612 Ennium
867 1623 870 1630 Ι

28 1626 131 1687 imitando
150 1653 232 1690 amore
250 1635 368 1705 juvenem
386 1634 481 1690 illicere
498 1640 624 1707 pactoque
641 1634 797 1690 matrimonii

27 1703 113 1772 moire,
124 1710 182 1766 nihil
194 1711 354 1775 abnuentem,
368 1710 427 1765 dum
440 1711 618 1766 dominationis
633 1711 795 1781 apisceretur.

27 1775 88 1863 liam,
102 1786 146 1841 etsi
157 1791 297 1842 commotus
309 1786 418 1857 ingenio,
432 1787 621 1843 simulationum
636 1792 723 1842 tumen
734 1787 797 1842 falsu

25 1869 47 1907 n
58 1859 110 1914 sinu
124 1863 162 1918 ari
177 1861 352 1934 perdidicerat.
389 1864 503 1917 Gnarum
521 1863 569 1918 hoc
585 1862 700 1934 principi,
716 1866 842 1934 eoque46

26 1927 134 1992 dubitarit
146 1937 176 1994 de
187 1937 312 1994 tradenda
323 1957 350 1994 re
361 1938 463 2009 publica
474 1940 585 2010 primum
596 1941 664 1994 inter
675 1945 796 2011 nepotes;

24 2021 116 2074 quorum
127 2015 212 2070 Druso
224 2015 326 2086 genitus
338 2015 461 2086 sanguine
473 2020 500 2071 et
511 2016 618 2071 carimte
630 2017 738 2087 propior,
752 2017 798 2073 sed

23 2087 120 2166 nondum
136 2092 296 2162 pubertatem
313 2091 452 2163 ingressus,
478 2093 622 2148 Germanici
645 2093 696 2148 lilio
719 2094 798 2150 robur

21 2169 127 2232 reverte,
150 2168 222 2240 vulgi
245 2167 337 2233 studia
357 2187 436 2239 eaque
454 2169 522 2240 apud
539 2187 614 2224 arum
638 2169 690 2225 odii
713 2189 796 2226 causa

22 2231 95 2295 Etiam
118 2243 148 2298 ds
172 2243 278 2299 Claudio
299 2245 415 2315 agitanti,
440 2245 547 2316 quodie
566 2248 706 2317 composita
723 2251 821 2304 etates

23 2306 131 2374 bonarum
153 2321 247 2376 artium
270 2321 375 2392 cupiens
399 2329 461 2388 erat,
487 2323 622 2379 imminuta
645 2342 715 2380 mens
744 2325 798 2397 ejus

22 2385 116 2450 obstitit.
153 2398 198 2452 Sin
216 2400 290 2453 entra
307 2396 409 2452 domum
426 2416 558 2454 successor
579 2404 742 2470 quaereretur,
767 2409 821 2455 nes

22 2471 127 2545 nemora
143 2473 265 2545 Augusti,
283 2491 316 2528 ne
333 2491 425 2528 nomen
443 2475 571 2530 Cassarum
596 2476 625 2530 in
647 2475 756 2531 ludibria
773 2481 800 2531 et

23 2548 171 2622 mammenus
188 2553 326 2616 verterent,
337 2550 475 2605 metuebat.
511 2552 613 2622 Quippe
630 2551 667 2605 illi
682 2568 734 2604 non
745 2561 823 2620 per-4

22 2614 72 2698 lude
90 2640 152 2680 curse
173 2626 258 2697 gratia
277 2627 448 2694 presentium,
468 2645 544 2694 quam
564 2628 593 2678 in
611 2629 728 2692 posteros
750 2642 801 2674 am-

23 2683 83 2748 bitio.
105 2700 169 2756 Mox
180 2703 294 2756 insertus
307 2700 390 2764 animi,
403 2701 472 2754 fesso
483 2715 597 2766 corrrore,
609 2693 748 2752 eonsilium,
761 2695 824 2746 ouis

47 2781 155 2826 nestora
168 2793 185 2823 1.
397 2789 414 2826 Ρ
