1936 2968
115 146 164 194 aaa
453 147 573 196 raom

750 207 786 256 [s.
794 209 824 248 tr.
834 211 855 250 a
864 209 909 251 sna

113 255 292 328 Antoniusque
315 273 373 312 cum
397 257 493 313 Rufino
517 261 544 314 et
566 257 686 313 Terentio
709 256 768 328 lege
791 259 914 316 Cornelia

113 330 274 388 damnantur.
311 333 463 388 Marcellum
483 335 605 389 memoria
627 333 754 404 majorum
774 339 802 390 et
823 353 913 408 preces

66 408 103 462 41
115 407 223 463 Caesaris
235 427 315 479 poenae
327 410 408 482 magis
421 428 497 480 quam
513 411 623 466 iniamiae
634 429 759 467 exemere.
797 412 913 467 Perculit

113 483 136 539 is
154 485 207 539 dies
225 484 376 556 Pompeium
393 504 494 558 quoque
511 487 647 553 AElianmu
664 486 785 560 juvenem
804 493 913 558 quaesta

113 561 188 625 rium,
201 565 323 632 tauquam
331 562 487 634 flagitiorum
495 563 601 619 Fabiani
609 583 732 636 gnarum
752 564 828 634 eique
837 564 915 618 Italia

91 641 140 692 net
156 637 289 708 Hispania,
309 639 337 692 in
353 657 404 709 qua
419 641 491 692 crtus
509 643 574 708 erat,
590 639 755 694 interdictum
767 643 817 694 est.
853 639 915 694 Pari

112 711 252 784 ignominia
274 713 393 770 Valerius
418 716 542 771 Ponticum
562 716 677 780 afficitur,
702 714 773 785 quod
792 733 860 780 reos,
882 733 914 770 na

114 789 182 858 apud
193 791 341 862 praelectum
354 791 428 847 urbis
445 796 621 863 arguerentur,
639 790 671 845 ad
687 795 825 860 pretorem
843 789 914 846 detu-

114 867 195 933 lisset,
208 869 310 924 interim
322 868 406 938 specie
417 868 511 938 legum,
521 884 582 922 mox
591 865 779 937 prevaricando
789 866 915 920 ultionem

92 943 240 1005 selosurus.
277 943 389 999 Additur
401 947 505 998 senatus
518 943 643 1008 consulto,
663 943 708 1013 qui
719 942 800 996 telem
812 961 915 1013 operam

115 1021 278 1089 emptitasset
289 1019 483 1083 vendidissetve,
498 1019 602 1089 perinde
618 1037 693 1089 prona
703 1021 840 1074 teneretur
850 1036 882 1073 sc
894 1017 916 1073 si

117 1094 218 1165 publico
227 1095 323 1166 judicio
335 1095 466 1150 calumniae
474 1095 664 1150 condemnatus.

69 1175 107 1228 42
151 1172 232 1226 Haud
243 1173 324 1227 multo
338 1177 398 1244 post
411 1173 560 1245 prefectum
574 1173 645 1228 urbis
661 1171 805 1227 Pedanium
820 1172 916 1227 Secun-

117 1246 177 1301 dum
196 1267 284 1304 servus
302 1249 383 1319 ipsius
400 1249 537 1315 interiecit,
557 1267 603 1304 scu
618 1251 712 1320 negata
727 1247 858 1312 libertate,
876 1247 918 1302 cui

117 1324 228 1394 pretium
239 1325 380 1395 pepigerat,
394 1325 447 1380 sive
460 1343 545 1380 amore
557 1325 651 1380 exoleti
665 1323 782 1379 intensus
795 1327 824 1378 ct
838 1322 919 1378 domi·

93 1413 179 1458 unum
196 1400 316 1456 aemulum
333 1418 386 1454 non
401 1400 521 1456 tolerans.
558 1401 680 1456 Ceterum
697 1417 757 1454 cum
774 1403 866 1454 vetere
887 1417 920 1454 ex

117 1494 188 1532 moro
203 1475 325 1532 inmitium
342 1493 450 1541 omnem,
470 1495 527 1546 quae
545 1477 593 1532 sub
610 1475 699 1532 eodem
712 1478 784 1530 tecto
797 1475 919 1530 mansita·

117 1557 198 1620 verat,
207 1553 240 1606 ad
252 1551 404 1623 supplicium
416 1552 459 1623 agi
470 1556 607 1623 oporteret,
618 1569 745 1608 concursu
756 1551 850 1621 plebis,
863 1569 919 1622 qna

118 1632 159 1683 tot
177 1629 293 1684 innoxios
312 1627 471 1699 protegebat,
489 1646 570 1698 usque
588 1625 621 1682 ad
641 1626 793 1682 seditionem
811 1631 920 1682 ventum

120 1709 175 1771 est;
194 1709 336 1775 senatuque
347 1704 375 1758 iu
387 1703 442 1774 ipso
454 1708 527 1758 erant
540 1703 626 1760 studia
634 1703 739 1758 nimiam
750 1703 921 1758 severitatem

122 1781 319 1851 aspernantium,
343 1779 459 1851 pluribus
482 1779 547 1834 nihil
568 1779 720 1834 mutandum
744 1778 919 1834 censentibus

120 1857 161 1912 Ex
186 1865 243 1928 quis
268 1857 297 1911 C.
311 1856 416 1912 Cassius
439 1855 573 1912 sententie
596 1855 652 1910 loco
675 1856 703 1909 in
723 1855 796 1909 hunc
816 1854 921 1909 modum

74 1931 112 1985 43
122 1932 242 1988 disseruit
250 1938 311 1988 :-“
319 1933 504 2003 Saepenumero,
517 1935 603 2002 patres
615 1929 760 2000 conscripti,
774 1930 806 1984 in
820 1930 873 1986 boc
883 1949 922 1985 cr·

122 2008 179 2063 dinc
196 2009 310 2074 interfui,
329 2027 389 2064 cum
406 2011 495 2063 contra
512 2008 633 2063 instituta
650 2011 677 2062 et
699 2006 771 2078 leges
796 2008 921 2079 majorum

121 2101 187 2138 nora
210 2089 316 2139 senatus
340 2083 442 2138 decreta
465 2084 671 2154 postularentur;
689 2099 775 2152 neque
797 2101 859 2138 sum
882 2082 922 2137 ad-
964 2093 966 2140 i

122 2163 246 2224 versatu,
271 2176 323 2214 non
340 2159 401 2229 quia
417 2159 559 2215 dubitarem
577 2177 654 2231 super
671 2159 793 2214 omnibus
812 2157 921 2231 negotiis
964 2149 966 2226 i

122 2232 212 2288 mebus
225 2236 302 2304 atque
313 2235 410 2290 tectim
420 2234 480 2289 olim
491 2236 666 2306 provisumst,
676 2253 734 2305 que
743 2239 922 2290 courmteren·
964 2243 966 2314 i

122 2313 173 2373 tur,
187 2307 299 2363 deterius
312 2312 414 2375 mutari,
431 2309 477 2364 sed
491 2329 525 2365 ne
536 2311 614 2366 nimio
627 2328 711 2366 amore
729 2311 835 2382 antiqui
847 2311 921 2366 moris
964 2337 966 2400 q

99 2381 236 2436 astudium
247 2401 332 2436 meum
349 2384 472 2440 extoliere
488 2385 595 2442 viderer.
633 2385 721 2450 Simul,
739 2386 869 2457 quioquid
878 2387 922 2440 hcc
964 2453 965 2456 Ἴ

121 2454 232 2508 innubis
249 2457 411 2513 auctoritatis
430 2464 478 2526 est,
497 2461 593 2516 crebris
614 2461 866 2518 contradictionibus
885 2461 922 2516 de-
964 2457 966 2536 j

121 2528 271 2582 sbuendum
288 2547 340 2582 non
358 2533 544 2600 existimabam,
560 2541 590 2590 ut
609 2541 724 2592 maneret
741 2538 886 2610 integrum,
902 2535 923 2590 si
965 2559 966 2608 p

97 2601 221 2666 equando
232 2603 375 2670 respublica
386 2608 498 2662 consiliis
513 2612 635 2682 eguisset.
672 2612 752 2672 Quod
763 2613 843 2669 bodie
855 2612 922 2668 venit

17 2695 51 2704 -
120 2674 247 2727 consueti
258 2677 312 2728 rino
325 2676 394 2732 domi
407 2698 462 2736 sua
475 2684 615 2743 interiecto
631 2706 678 2760 per
689 2689 798 2746 iusidias
810 2689 924 2753 serafin,
965 2719 966 2722 ¹
