2030 3000
51 207 68 246 Δ
85 207 106 246 D
123 206 167 255 ω]
257 142 458 193 ANNALIUM
474 143 537 194 ΧΗ.
556 145 658 192 80-85,
805 144 851 192 249

10 317 11 322 1
51 255 120 326 quod
131 253 287 310 Hiberniam
304 255 413 310 insulam
431 257 554 326 aspectat,
568 271 626 309 cum
643 255 705 308 orte
718 251 786 324 apud
796 252 853 308 Bri·

10 333 11 342 *
51 335 143 402 gantas
155 331 289 386 discordie
300 335 430 386 retraxere
442 331 541 396 ducem,
554 329 733 386 destinationis
745 332 851 394 certum,

50 426 82 461 ne
93 425 163 462 nova
173 407 308 462 moliretur
320 407 371 462 nisi
382 407 508 478 prioribus
516 406 632 462 firmatis.
668 405 704 461 Et
715 404 877 477 Brigantos4

52 482 162 554 quidem,
175 483 265 554 paucis
278 483 323 554 qui
343 501 413 538 arma
430 482 576 554 cceptabant
593 481 742 547 interfectis,
755 482 783 536 in
796 480 852 536 reli-

53 577 116 630 quos
128 558 191 615 data
201 559 284 624 venia,
296 558 430 614 resedere:
450 559 562 614 Silurum
573 576 637 630 gens
646 575 698 612 non
709 558 850 622 atrocitate,

52 653 105 690 non
116 635 253 691 clementia
264 635 419 700 mutabatur,
430 635 493 706 quin
504 634 598 690 bellum
610 637 740 689 exerceret
752 633 852 688 catria

55 729 103 782 que
119 711 251 783 legionum
269 710 408 780 premenda
423 711 498 766 foret.
534 710 568 766 Id
584 727 634 782 quo
651 709 793 781 promptius
810 720 875 766 vet

54 787 127 852 niret,
140 787 241 842 colonia
253 785 464 853 Camulodunum,
477 785 561 841 valida
576 790 754 842 veteranorum
766 803 850 850 manu,

57 862 189 918 deduntur
197 864 226 918 in
235 879 310 935 agros
322 863 443 934 captivos,
453 861 594 918 subsidium
606 861 727 918 adversus
737 861 850 927 rebelles,

58 943 82 993 et
103 939 249 995 imbuendis
270 939 347 994 sociis
366 938 399 993 ad
419 939 500 994 officia
519 938 612 1010 legum.
648 939 720 994 itum
743 937 802 994 inde
825 937 900 996 ines

59 1015 158 1082 Sduras,
172 1033 251 1086 super
268 1015 395 1086 propriam
407 1013 526 1070 ferociam
538 1015 670 1070 Oaraotaci
680 1014 776 1070 viribus
794 1033 852 1070 con·

57 1093 121 1158 fisos,
139 1112 217 1165 quem
232 1093 314 1148 multe
329 1092 453 1164 ambigua
466 1091 548 1147 multa
562 1111 683 1164 prospera
700 1091 851 1158 extulerant,

57 1174 85 1224 ut
96 1173 196 1225 ceteros
212 1169 396 1224 Britannorum
413 1169 580 1240 imperatores
595 1169 764 1241 premineret.
801 1169 875 1225 Sede

57 1251 110 1302 tum
133 1251 202 1314 astu,
224 1247 339 1302 locorum
357 1246 447 1301 frande
465 1247 542 1318 prior,
564 1247 591 1302 vi
611 1247 720 1302 militum
740 1246 852 1314 inferior,

57 1325 179 1380 transfert
200 1324 297 1379 bellum
317 1324 346 1378 in
365 1323 521 1390 Ordouicas3
547 1322 690 1396 additisque
709 1324 851 1395 quipacem

57 1406 169 1462 nostram
175 1400 333 1466 metuebant,
341 1400 505 1456 novissimum
513 1417 601 1456 casum
608 1400 851 1472 experitur‚sumpto

59 1478 87 1532 ad
103 1477 222 1549 praelium
236 1478 300 1543 loco,
312 1481 343 1532 ut
355 1476 447 1542 aditure,
462 1477 601 1544 abscessus,
615 1481 708 1533 cuncta
718 1477 791 1532 nobis
807 1477 852 1530 im-

58 1561 173 1624 portuna,
198 1557 226 1608 et
250 1554 304 1608 suis
326 1553 355 1608 in
377 1553 467 1608 melius
491 1557 584 1609 essent.
627 1554 699 1608 Tunc
722 1552 875 1608 montibus

59 1631 151 1700 arduis,
164 1634 191 1686 et
204 1630 228 1686 si
244 1648 295 1702 qna
310 1629 449 1686 clementer
465 1629 551 1685 accedi
566 1633 692 1701 poterant,
705 1629 733 1684 in
747 1628 851 1684 modum

58 1707 113 1762 valli
122 1725 186 1762 saxa
197 1706 337 1779 praestruit.
372 1706 408 1761 Et
420 1706 568 1778 praefluebat
580 1706 661 1761 amnis
669 1705 734 1761 vado
746 1705 876 1773 incertos

58 1783 249 1856 catervam&
271 1783 396 1856 majorum
419 1801 465 1854 pro
488 1783 652 1838 munimentis
676 1783 850 1838 constiterant.

57 1861 97 1916 Ad
116 1863 168 1917 hoc
188 1861 306 1932 gentium
326 1860 445 1914 ductores
466 1859 607 1926 circumire,
628 1859 732 1926 hortari,
752 1859 851 1914 firmare
861 1860 899 1914 34

57 1939 154 1993 animos
171 1937 310 1992 minuendo
327 1941 406 2002 metu,
425 1935 585 1992 accendenda
602 1955 655 2008 spe,
671 1935 776 2008 ubisque
792 1935 853 1991 belli

22 2039 26 2048 ·
56 2015 237 2071 incitamentis.
273 2014 411 2070 Enimvero
429 2013 582 2070 Oaractacus
597 2015 649 2070 hue
666 2013 726 2069 illuc
743 2013 876 2073 volitasse

56 2092 127 2146 illum
153 2090 229 2158 diem,
253 2091 322 2146 illem
343 2092 424 2146 aciem
444 2090 588 2146 testabatur
606 2095 651 2146 aut
674 2091 852 2162 recuperandae

56 2168 187 2224 libertatis
205 2171 251 2222 aut
275 2167 406 2222 servitutis
427 2170 529 2222 aeterna
549 2165 651 2222 initium
671 2167 733 2222 fore.
769 2167 876 2222 Voce-3

56 2237 152 2310 batque
163 2238 268 2292 nomina
278 2237 410 2309 majorum,
424 2237 468 2307 qui
480 2235 629 2292 dictatorem
639 2236 764 2292 Caesarem
775 2255 853 2309 pepu-

55 2314 162 2380 lissent;
181 2332 291 2385 quorum
306 2314 404 2368 virtute
421 2313 496 2367 vacui
513 2331 529 2366 a
546 2312 677 2367 securibus
695 2316 722 2367 et
739 2312 851 2379 tributis,

54 2391 210 2446 intemerata
227 2391 366 2462 conjugum
383 2392 410 2444 et
427 2388 564 2444 liberorum
582 2406 688 2460 corpora
704 2389 852 2444 retinerent.

55 2468 121 2524 Haec
139 2470 217 2538 atque
229 2467 291 2522 talia
307 2465 401 2522 dicenti
413 2469 541 2537 estrepere
555 2465 664 2537 vulgrm3
683 2466 773 2537 gentili
787 2467 878 2537 quis-4

56 2562 105 2614 que
117 2543 242 2614 religione
254 2542 387 2613 obstringi,
400 2560 452 2596 non
467 2541 534 2606 telis,
546 2559 598 2596 non
612 2541 758 2597 vulneribus
771 2559 854 2596 cessu-

55 2637 105 2674 ros.
144 2619 325 2690 Obstupefecit
337 2637 368 2672 ea
379 2617 494 2672 alacritas
507 2617 596 2672 ducem
604 2617 761 2679 Romanum
779 2615 855 2671 simul
863 2623 899 2676 35

56 2695 175 2768 obJ'ectus
192 2696 282 2764 amnis,
294 2693 411 2750 additum
421 2693 523 2759 vallum,
536 2692 695 2748 imminentia
707 2691 778 2760 juga,
790 2689 854 2745 nihil
