1960 2952
38 163 96 202 M),
107 163 152 212 ²⁴]
262 104 458 154 ANNALIUM
477 103 500 152 1.
517 106 620 152 28-28.
808 103 836 150 it

11 265 12 270 ,
36 212 138 266 cederet
155 229 214 281 quae
230 211 319 266 statim
335 213 416 269 tribui
431 217 552 286 posaent;
570 217 656 268 cetere
671 209 773 266 senatui
789 228 840 266 aar·

35 287 124 352 venda,
146 305 224 358 quem
241 305 325 359 neque
342 291 431 361 gratie
448 308 532 361 neque
549 289 693 344 severitatis
709 295 841 359 expertem

35 364 123 419 haberi
136 383 184 434 par
196 368 273 418 esset.

70 441 238 512 Responsum
251 442 291 494 est
303 457 318 494 a
330 442 459 508 concione,
477 442 597 497 mandata
608 441 735 498 Clementi
752 444 840 496 centu-
850 443 888 500 26

35 517 101 572 rioni
113 535 171 586 quae
189 516 321 587 perferret.
359 518 387 572 Ia
403 518 505 573 orditur
521 519 553 573 de
565 519 686 574 missione
702 517 865 574 asedecim2

36 595 117 662 annis,
134 593 168 648 de
187 593 297 663 praemiis
313 593 393 648 finite
408 594 520 660 militiam
539 599 569 649 ut
586 594 705 650 denarius
723 593 842 649 diurnum

36 669 196 741 stipendium
213 669 297 734 foret;
315 687 348 724 ue
365 671 480 726 veterani
501 670 549 726 aab
566 669 659 726 vexillo
679 669 840 724 haberentur.

15 779 18 788 ν
35 747 79 802 Ad
90 765 121 802 ca
133 747 238 800 Drusus
250 763 308 800 oum
320 745 453 800 arbitrium
466 752 570 802 senatus
585 752 612 801 et
624 746 705 816 patris
722 745 842 800 obtende·

11 885 12 888 ,
35 829 84 887 ret,
107 823 219 878 clamore
238 821 366 876 turbatur.
404 823 459 878 Gur
477 824 597 887 venisset,
617 839 701 892 neque
720 821 866 892 mgondiaa

35 900 149 954 militum
166 898 405 970 stipendiumque
422 899 567 956 adlevandis
583 897 720 962 laboribus,
734 897 843 969 denique

35 975 108 1030 nulia
125 974 302 1030 benefaciendi
318 976 440 1030 licentia?
460 980 486 1030 at
503 975 617 1030 Hercule
634 973 740 1028 verbera
756 982 783 1028 et
800 993 842 1030 ne·

35 1071 93 1108 cem
111 1052 215 1107 cunctis
230 1052 354 1122 permitti.
390 1053 519 1108 'liberium
536 1052 596 1107 olim
611 1051 714 1106 nomina
728 1053 867 1124 Augustis

36 1135 166 1190 desideria
177 1135 308 1206 legionum
320 1136 439 1190 frustari
447 1135 566 1190 solitum:
585 1133 686 1189 easdem
699 1137 767 1189 artes
776 1135 843 1189 Dru-

36 1231 96 1266 sum
113 1211 255 1266 rettulisse.
301 1211 473 1282 Nunquamne
491 1211 541 1267 nisi
558 1209 590 1265 ad
608 1229 636 1266 ae
653 1210 718 1266 tilios
739 1211 868 1266 irradiat

36 1308 95 1344 rum
103 1289 249 1344 venturos?
267 1305 361 1342 novum
373 1287 400 1342 id
410 1288 493 1358 plane,
506 1287 574 1358 quod
586 1287 724 1358 imperator
736 1286 790 1341 sola
801 1287 845 1341 mi·

36 1367 92 1420 litia
106 1364 241 1421 commoda
253 1363 285 1418 ad
297 1368 414 1419 senatum
430 1364 536 1434 rejiciat.
572 1363 689 1418 Eundem
701 1381 763 1434 ergo
776 1371 868 1418 aena-6

36 1450 96 1498 tum
109 1440 303 1505 considendum,
315 1441 432 1511 quotiens
445 1441 570 1512 supplicia
581 1445 626 1496 eut
638 1441 724 1512 praelia
735 1440 846 1495 indican-

36 1524 90 1575 tur.
129 1521 173 1573 An
185 1517 289 1588 praemia
301 1517 349 1572 sub
361 1517 477 1584 dominia,
490 1535 577 1590 poenaa
591 1518 645 1573 sine
658 1517 754 1574 arbitro
770 1518 845 1572 esset

73 1597 213 1650 Postremo
233 1593 355 1649 deserunt
373 1594 492 1660 tribunal,
513 1598 543 1649 ut
561 1595 619 1664 quia
637 1594 891 1664 pretorianorum27

37 1673 153 1728 militum
171 1671 341 1726 amicorumve
359 1671 467 1726 Cesaris
485 1674 639 1735 occurreret,
657 1687 748 1724 manns
766 1670 847 1724 inten-

38 1753 135 1812 tantes,
154 1765 257 1802 causam
275 1747 407 1802 discordiae
424 1750 451 1801 et
467 1747 569 1802 initium
586 1763 721 1810 armorum,
739 1746 848 1801 maxime

38 1825 136 1880 infensi
148 1824 196 1879 On.
206 1823 326 1887 Lentulo,
341 1822 408 1893 quod
427 1824 457 1892 is,
475 1827 535 1877 aute
553 1823 615 1878 alioa
631 1825 707 1877 aetate
725 1824 752 1875 et
768 1821 849 1892 gloria

39 1901 107 1967 belii,
124 1901 227 1955 firmare
238 1900 354 1954 Drusum
373 1900 524 1955 credebatur
536 1903 563 1954 et
579 1899 622 1954 illa
639 1898 736 1953 militie
752 1897 849 1970 flagitia

40 1979 140 2048 primun
159 1977 296 2047 aspernari.
332 1975 390 2031 Nec
407 1977 489 2031 multo
507 1979 567 2046 post
587 1974 771 2046 digredientem
790 1990 871 2034 cuma

41 2055 153 2118 Caeaarc,
166 2069 197 2108 ac
212 2053 316 2124 provisu
336 2053 442 2123 periculi
458 2053 564 2109 hiberna
582 2059 667 2108 caetra
681 2056 847 2122 repetentem,

40 2131 244 2194 circumsistmt,
257 2129 400 2200 rogitantes
412 2148 463 2200 quo
480 2133 607 2201 pergeret,
621 2128 653 2183 ad
670 2128 850 2199 imperatorem

39 2226 73 2262 an
84 2207 119 2262 ed
131 2210 227 2277 patrea,
239 2209 271 2260 ut
283 2205 335 2260 illio
347 2223 448 2276 quoque
464 2206 602 2260 commodis
618 2205 746 2275 legionum
763 2205 849 2260 advor-

39 2288 151 2338 saretur.
190 2281 272 2336 Simul
288 2282 420 2352 ingruunt,
440 2299 502 2337 saxa
517 2282 624 2353 jaciunt.
661 2282 771 2352 Jamque
789 2281 872 2352 lapi-3

40 2360 80 2415 dis
97 2360 154 2414 ictu
171 2361 294 2413 cruentus
312 2362 338 2412 et
355 2358 427 2413 exitii
443 2363 536 2426 certus,
550 2359 661 2415 adcursu
677 2358 850 2414 multitudinis

39 2455 99 2507 quae
112 2453 172 2490 cum
185 2435 273 2488 Druso
286 2433 422 2489 advenerat
435 2439 567 2506 protectus
579 2441 627 2490 est.

50 2550 55 2558 -
76 2513 192 2566 Noctem
204 2511 329 2566 minacem
341 2514 368 2565 et
381 2511 409 2565 in
421 2511 504 2566 scelus
517 2517 664 2582 empturum
676 2511 730 2564 sora
746 2507 849 2561 lenivit:
859 2508 896 2556 28

39 2607 102 2644 nam
114 2588 178 2642 luna
190 2588 258 2642 claro
276 2591 382 2656 repente
400 2587 461 2641 celo
479 2588 534 2640 visa
550 2587 723 2656 iengnesoere.
759 2581 792 2631 Id
807 2578 875 2629 nri-2

39 2665 211 2732 laetationis
230 2663 343 2733 ignarus,
356 2679 431 2716 omen
449 2661 612 2730 presentium
632 2653 737 2719 aceepit.
751 2650 805 2702 wifl
818 2649 853 2697 Β·

75 2766 225 2800 rnc.,rorr.r·
443 2751 459 2788 0

923 2751 969 2858 ri
