1860 2956
1 231 2 252 Χ
20 197 39 238 1·
47 199 67 238 D.
76 202 112 252 m
175 141 368 191 ANNALIUM
389 143 467 191 XIII.
485 143 587 194 84-87.
729 143 777 194 ²⁸7

1 255 2 301 l
20 263 56 316 que
66 251 133 320 mles,
145 253 185 323 qui
195 253 286 309 fascem
299 254 426 326 lignorum
439 252 564 325 gestabat,
573 252 610 307 ita
618 251 778 324 praeriguisse

1 304 2 354 l
18 339 95 392 nanus,
105 337 132 382 ut
142 331 208 386 oneri
219 331 376 386 adhaerentes
388 330 487 385 burcis
498 329 608 386 brachiis
625 328 776 384 deciderent.

1 357 3 454 l
17 397 64 470 lpse
77 404 138 460 cultu
152 407 205 472 levi,
223 409 306 478 capite
320 408 426 472 intecto,
444 407 472 461 in
488 406 595 478 agmine,
608 407 635 461 in
651 405 802 464 laboribus?

1 459 111 554 litequans
133 483 230 550 adesse;
248 484 349 539 laudem
373 484 492 548 strenuis,
515 483 633 538 solatium
653 483 777 550 invalidis,

1 557 2 620 l
17 557 133 626 exemplum
149 561 262 616 omnibus
280 560 423 616 ostendere.
459 560 567 626 Dehinc,
584 559 643 630 qnia
660 558 804 616 duritiams

1 630 58 707 lull
71 635 201 709 militeque
218 639 293 693 multi
312 637 457 692 abnuebant
475 636 682 708 deserebautque,
699 655 779 693 reme-

1 703 69 787 galus
86 716 211 770 severitate
230 715 366 785 quesitum
383 718 431 770 est.
467 715 611 778 Neceninr,
631 719 661 768 nt
679 714 706 768 in
724 714 803 775 aliiae

16 788 146 858 exercitibus,
165 793 274 863 primum
292 791 451 862 alteramque
469 789 589 846 delictum
605 791 679 846 venia
694 808 780 861 prosc-

1 876 2 946 q
15 861 122 932 urebatur,
135 869 178 923 sed
190 869 234 940 qui
246 870 320 940 signe
333 868 478 939 reliquerat,
491 868 579 922 statim
596 867 678 939 cupite
693 885 779 939 poeuaa

0 931 87 996 luebat.
118 943 196 1015 quue
214 963 264 999 usu
283 945 383 999 salubre
401 949 427 999 ct
445 943 617 998 misericordia
632 944 722 999 melius
738 963 779 1016 ap
791 959 820 1005 ιο

12 1017 93 1082 uruit:
110 1021 197 1092 qnippe
208 1022 341 1093 pauciores
353 1020 397 1074 ille
412 1025 495 1075 eastra
511 1020 644 1076 deseruere
659 1039 733 1092 quam
750 1040 780 1077 ea

2 1083 36 1142 db
54 1094 132 1163 qubus
149 1098 335 1169 ignoscebatur.
372 1097 479 1152 Interim
503 1096 615 1152 Corbulo
638 1098 779 1169 legionibus
789 1106 827 1164 36

20 1186 35 1211 2⁵¹
57 1192 60 1213 ³
74 1176 148 1227 cestre
159 1174 260 1239 habitis,
274 1173 354 1228 donec
365 1192 410 1228 rer
422 1173 583 1237 adolesceret,
601 1173 779 1245 dispositisque

0 1244 47 1310 'ber
65 1246 157 1305 idoneos
180 1251 249 1306 locos
274 1250 421 1305 cohortibus
445 1249 590 1315 auxiliariis,
615 1269 779 1323 repugnem

111 1331 205 1388 adirent
226 1333 348 1404 praedicit.
385 1332 479 1386 Curam
496 1331 670 1402 praesidiorum
688 1333 803 1389 Paccio‘l

45 1407 78 1458 do
97 1409 209 1481 primipili
230 1411 325 1464 honore
345 1409 479 1480 perfuncto
498 1409 610 1464 mandat.
646 1411 682 1475 Is,
703 1428 779 1480 quan-

0 1504 65 1529 t„
86 1483 194 1540 incautos
212 1486 333 1542 barbaros
357 1489 384 1540 et
407 1485 471 1540 bene
495 1485 611 1557 gerendse
632 1487 669 1541 rei
693 1505 779 1542 casum

1 1551 79 1614 Uerri
86 1561 222 1633 scripserat,
234 1569 323 1618 tenere
332 1580 360 1617 se
369 1563 532 1624 munimentis
542 1566 568 1617 et
577 1562 684 1634 majores
694 1564 779 1633 copias

109 1637 217 1708 jubetur.
255 1639 306 1694 Sed
321 1643 398 1710 rupto
413 1639 525 1709 imperio,
542 1643 676 1710 postquam
692 1650 802 1710 paueret

0 1722 8 1767 r'
34 1732 38 1755 ¹
56 1728 134 1769 arms
146 1715 256 1770 castellis
266 1719 356 1770 turmee
366 1715 520 1770 advenerant
533 1733 693 1786 pugnamque
703 1717 778 1787 impe-

15 1808 49 1833 122
70 1791 207 1860 poscebant,
227 1809 378 1862 congressus
402 1810 461 1846 cum
485 1791 558 1846 hoste
582 1791 706 1846 funditur.
743 1793 802 1848 Etr

20 1887 48 1910 »ιι
59 1883 82 1919 ιο
93 1867 145 1938 ejus
157 1869 274 1923 exterriti
286 1869 330 1938 qui
343 1866 483 1922 subsidium
495 1867 561 1922 ferre
573 1867 719 1934 debuerunt,
733 1888 780 1925 sua

7 1958 96 2011 saque
106 1943 132 1998 iu
144 1947 228 1999 castra
239 1943 340 2015 trepido
354 1943 416 2015 fuga
431 1942 536 1998 rediere.
574 1943 650 2003 Quod
668 1945 802 2015 gravitert

0 2080 2 2085 ι
21 2015 100 2072 rbulo
116 2021 219 2092 aceepit,
238 2019 441 2091 increpitumque
464 2019 583 2074 Paccium
602 2024 628 2074 et
645 2021 779 2091 prefectos

0 2090 9 2153 l
18 2114 27 2137 1¹
42 2091 129 2166 'esque
139 2097 244 2152 tendere
261 2101 335 2152 extra
350 2096 443 2151 vallum
457 2096 542 2167 jussit.
579 2097 661 2168 [nque
679 2117 709 2152 ee
721 2107 802 2154 con-6

13 2190 23 2211 ÷=
34 2192 37 2215 ι
50 2169 94 2226 elia
104 2172 207 2242 detenti,
215 2192 262 2228 nec
274 2174 323 2228 nisi
332 2172 449 2244 precibus
462 2173 575 2228 universi
583 2175 709 2229 exercitus
721 2194 778 2231 exo·

2 2234 43 2305 bii
64 2253 125 2304 aunt.
160 2253 198 2304 At
216 2249 350 2315 Tiridates,
370 2267 446 2320 super
463 2251 578 2320 proprias
599 2249 712 2306 clintelas
731 2257 824 2323 ope37

1 2310 108 2394 'elops
125 2327 211 2382 fratris
236 2326 347 2398 adjutus,
368 2343 421 2380 non
443 2325 532 2380 furtim
554 2327 607 2396 jam
630 2327 676 2381 aed
695 2329 778 2398 palem

21 2428 30 2443 ,
44 2401 190 2458 oinfensare
204 2403 358 2471 Armeniam,
371 2420 485 2473 quosque
502 2401 567 2457 fidos
578 2403 650 2458 nobis
666 2404 777 2470 rebatur,

1 2464 139 2550 tepens,
153 2485 179 2535 et
192 2480 214 2534 si
226 2480 305 2550 copiae
318 2483 407 2534 contre
419 2477 579 2544 ducerentur,
593 2479 702 2541 eludere,
717 2481 778 2536 huc-

23 2567 44 2604 ’θ
54 2557 78 2607 et
87 2555 145 2610 illuc
157 2557 267 2610 volitans
282 2554 357 2626 plure
370 2554 438 2608 ieme
451 2573 526 2625 quum
541 2574 627 2626 pugna
642 2558 777 2609 exterrere.

20 2652 26 2687 ;
54 2652 58 2673 ·
92 2631 203 2688 Corbulo
225 2631 332 2702 quaesito
351 2631 396 2684 diu
411 2631 497 2700 praelio
513 2631 610 2684 frustra
626 2629 736 2692 habitus,
752 2631 802 2684 eta

1 2701 103 2788 &euplo
119 2709 233 2766 hostium
249 2703 412 2764 circumferre
424 2705 519 2760 bellum
536 2707 645 2762 coactus,
661 2699 779 2766 dispertit
