1936 2968
1 183 2 209 ;
40 235 59 273 A
73 233 93 273 D
110 233 153 282 Μ
242 169 438 218 ANNALIUM
455 170 509 220 XV.
528 172 632 219 42-45.
786 167 833 216 859

40 290 66 338 et
78 279 251 337 nullaumbra
263 281 391 336 defensam
408 281 523 352 grarime
539 285 604 335 oestu
622 281 760 336 ardescere.
796 277 879 332 ntea

36 359 93 414 lraec
103 357 205 429 quidem
216 357 332 412 humanis
345 358 455 412 consiliis
467 358 671 428 providebantur.
708 357 772 410 Mox
789 373 833 426 pe-

35 437 87 491 tita
104 435 146 490 dis
164 434 271 505 piacula,
291 434 403 505 aditique
420 434 520 504 Sibylla
538 435 603 500 libri,
617 454 649 490 ex
665 434 757 506 quibus
773 451 831 502 snp-

35 513 158 584 plicatum
166 511 280 566 Volcano
292 516 319 566 et
332 511 419 566 (lereti
427 511 643 582 Proserpinaeque,
652 530 681 567 ae
693 509 831 582 propitiata

36 592 109 643 June
124 605 171 658 per
187 591 324 653 mamonae,
338 589 448 659 primum
465 588 492 642 in
508 588 642 659 Capitolio,
655 588 746 644 deinde
764 585 832 656 apud

36 665 183 736 proximum
195 682 271 729 mare,
284 664 352 719 uude
370 664 462 718 hausta
473 683 539 735 aqna
552 666 676 736 templum
693 670 720 720 et
732 664 832 718 simula·

35 761 110 797 orum
128 739 182 795 dea
198 759 359 811 perspersum
375 745 434 808 est3
454 746 480 796 et
492 743 644 798 sellisternia
655 761 684 797 ac
701 741 832 812 pervigilia

36 817 198 874 celebravere
210 817 311 872 femine
323 817 414 887 quibus
431 819 518 873 mariti
535 821 615 874 erant.
653 819 703 874 Sed
716 836 768 872 non
783 828 854 887 opet

34 896 154 958 hnmana,
176 911 228 946 non
248 893 424 965 largitionibus
444 895 564 966 principis
588 900 633 950 aut
655 896 728 950 deum
749 894 831 966 placa-

34 971 132 1026 mentis
147 969 284 1024 decedebat
300 971 411 1036 infamia,
425 972 486 1041 quin
502 972 603 1042 jussum
621 972 765 1026 incendium
777 989 830 1026 ore-

34 1048 151 1102 deretur.
187 1047 257 1117 Ergo
274 1046 396 1102 abolendo
408 1049 504 1102 rumori
515 1049 587 1104 Nero
599 1048 712 1103 subdidit
724 1066 788 1112 reos,
803 1051 851 1111 etp

34 1121 223 1196 quoesitbsimis
243 1123 324 1192 penis
349 1124 440 1188 affecit,
463 1141 526 1194 quos
550 1142 596 1194 per
615 1123 712 1195 flagitia
734 1123 829 1178 invisos

21 1200 131 1268 ¹vulgus
157 1198 315 1253 (llnistianos
339 1200 488 1270 appellabat.
524 1202 624 1255 Auctor
647 1199 755 1254 nominis
775 1201 853 1270 ejusd

33 1277 165 1340 Christus,
185 1275 285 1330 Tiberio
302 1276 471 1346 imperitante,
490 1295 536 1347 per
555 1281 743 1347 procuratorem
763 1277 830 1330 Pon-

33 1355 103 1409 tium
125 1352 237 1406 Pilatum
258 1353 381 1423 supplicio
401 1353 508 1408 affectus
526 1358 596 1420 erat;
620 1371 785 1424 repressaque
802 1353 831 1407 in

32 1447 150 1502 presens
168 1429 304 1484 exitiabilis
322 1429 471 1500 superstitio
488 1449 589 1484 rursum
608 1430 763 1501 erumpebat,
778 1447 830 1484 non

28 1505 112 1562 modo
131 1523 177 1576 per
190 1505 312 1570 Judaeum,
329 1505 454 1576 originem
471 1506 525 1576 ejus
541 1506 608 1572 mali,
622 1506 667 1562 sed
682 1525 727 1576 per
741 1506 830 1562 urbem
871 1507 873 1513 '

31 1583 122 1646 etiam,
143 1599 193 1652 quc
212 1587 305 1636 cuncta
324 1582 436 1654 undique
455 1583 550 1638 atrocia
570 1587 615 1637 aut
635 1582 754 1653 pudenda
770 1599 830 1636 con·

30 1660 122 1714 fluunt
146 1657 362 1730 celebranturque.
405 1659 491 1730 Igitur
514 1660 624 1730 primum
647 1658 757 1729 correpti
786 1658 852 1729 qui5

30 1735 191 1800 fatebantur,
200 1734 290 1790 deinde
301 1735 394 1790 indicio
406 1754 494 1790 eorum
505 1736 643 1791 multitudo
656 1736 753 1806 ingens,
762 1735 830 1789 hand

30 1811 143 1884 perinde
154 1811 181 1865 in
192 1811 296 1866 crimine
307 1812 424 1878 incendii,
438 1831 513 1883 quem
531 1813 589 1868 odio
605 1813 709 1868 humani
721 1812 828 1883 generis,

30 1888 149 1944 conuicti
160 1893 228 1942 sunt.
264 1888 299 1943 Et
313 1889 478 1959 pereuntibus
491 1889 577 1945 addita
591 1889 707 1958 ludibria,
722 1891 752 1944 ut
764 1889 851 1948 tera-6

29 1983 93 2022 rum
105 1965 188 2036 tergis
200 1965 311 2020 oonteeti
321 1964 418 2020 laniatu
434 1984 525 2022 canum
536 1967 678 2032 interirent,
691 1969 736 2020 aut
748 1966 830 2021 cruci·
928 2019 933 2026 ,

29 2041 84 2098 bus
103 2041 182 2106 affixi,
198 2045 243 2096 aut
259 2042 410 2107 dammandi,
428 2046 505 2113 atquc
522 2043 567 2098 ubi
583 2043 717 2098 defecisset
729 2042 790 2110 dues,
802 2043 830 2098 in

29 2134 113 2174 usum
126 2119 244 2172 nocturni
255 2117 356 2173 luminis
365 2124 507 2174 urerentur.
544 2120 643 2174 Hortos
655 2138 715 2175 snos
725 2120 748 2176 ei
760 2129 850 2190 spec-7

28 2194 125 2250 taculo
148 2194 220 2249 Nero
243 2195 377 2263 obtulerat,
396 2200 423 2250 et
446 2197 558 2251 circense
580 2196 706 2252 ludicrum
730 2196 828 2262 edebat,

29 2270 130 2326 babitu
148 2271 242 2342 aurigae
260 2271 400 2342 permixtus
418 2271 487 2343 plebi
501 2272 542 2327 vel
557 2273 682 2328 curdculo
699 2273 828 2328 insistens.

29 2346 123 2412 Unde,
137 2363 281 2418 quanquam
293 2346 413 2402 adversus
426 2351 512 2403 sontes
530 2353 556 2403 et
568 2349 705 2404 novissima
716 2348 851 2419 exemplat

26 2425 151 2488 meritos,
176 2423 305 2478 miseratio
331 2423 470 2490 oriebatur,
494 2427 616 2495 tanquam
639 2443 691 2480 non
718 2425 829 2480 utilitate

26 2499 140 2572 publica
157 2498 203 2554 sed
220 2500 247 2554 in
265 2500 387 2556 sevitiam
402 2501 479 2555 unius
491 2501 691 2557 absumerentur.
727 2502 830 2556 Interea
837 2505 874 2556 45

2 2601 6 2605 ²
26 2577 198 2634 conferendis
213 2578 326 2650 pecuniis
343 2583 489 2649 pervastata
507 2579 590 2645 Italia,
609 2580 743 2650 provinciae
760 2596 829 2632 ever-

25 2671 75 2720 sae,
98 2653 215 2725 sociique
238 2654 325 2726 populi
345 2659 372 2710 ct
391 2673 447 2726 quae
468 2656 610 2711 civitatium
632 2656 717 2710 liberae
739 2671 829 2708 vocan-

24 2735 84 2788 tur.
125 2730 211 2802 Inque
232 2746 288 2788 eam
307 2731 418 2804 predam
438 2733 516 2789 ctiam
535 2732 564 2787 di
588 2747 693 2796 cessere,
714 2728 851 2800 spoliatisa
