2022 3004
34 206 60 247 Α,
70 207 97 246 Β.
109 206 144 248 ⁶²·
252 144 449 195 ansanum
465 146 521 196 XV.
538 147 627 195 5-10.
788 145 835 198 841

35 257 122 327 signia
145 206 272 329 iescae
296 260 366 313 retro
390 258 478 314 evasit.
522 257 675 328 Hostiaque,
700 273 757 328 que
780 265 858 312 unu-4

34 332 183 398 niebanteu,
202 333 372 389 hibernaculis
390 335 511 390 assistens
529 335 662 390 semifacta
680 351 757 405 opera
773 333 836 405 lugu

34 409 155 481 perrupit
174 427 252 480 aeque
270 411 336 465 vallo
354 411 456 466 extulit.
491 412 528 466 llt
545 411 597 483 pila
614 411 724 466 militum
742 420 857 476 arseret

35 487 120 558 magis
140 486 235 558 insigni
252 487 374 560 pmdigio,
395 489 454 559 quia
472 489 583 543 Parthus
598 488 679 544 hostis
696 487 835 543 missilibus

34 563 96 617 telis
116 561 239 617 decertat.
276 563 397 620 Ceterum
415 565 503 620 Pctus
518 566 610 636 spretis
625 565 759 630 ominibus,
776 564 862 620 uec-8

36 638 100 694 dum
119 639 183 694 satis
201 639 307 694 firmatis
324 640 502 707 hibernaculis,
520 641 590 698 nullo
608 643 645 696 rei
662 641 836 696 frumentariae

36 715 152 786 provisu,
172 715 239 786 rapit
257 717 397 772 exercitum
415 720 486 772 trans
504 723 616 773 montem
633 718 746 774 Taurum
763 734 836 772 recu-

36 791 167 863 perandis,
191 795 221 846 ut
244 791 349 858 ferebat,
375 793 570 864 ligranocertis,
595 794 775 865 vastandisque
795 812 835 848 re-

37 870 159 942 gionibus
178 888 241 941 quas
259 871 370 927 Corbulo
393 871 507 943 integras
531 872 665 928 omisisset.
701 873 737 927 llt
760 876 857 943 captat

37 947 157 1018 quedam
169 947 279 1012 castella,
293 947 431 1019 gloriaque
444 953 471 1003 et
487 949 578 1020 prede
592 949 707 1004 nonnihil
724 953 834 1020 partum,

37 1025 59 1079 si
71 1028 119 1079 aut
131 1024 239 1096 gloriam
251 1043 309 1080 cum
324 1025 400 1080 modo
418 1030 463 1080 aut
481 1025 592 1097 predam
608 1044 666 1081 cum
682 1044 743 1081 cura
757 1026 835 1082 habu·

36 1102 108 1156 isset.
146 1101 307 1172 Irouginquis
319 1101 454 1157 itineribus
466 1102 636 1174 percursando
653 1121 709 1173 que
725 1102 855 1158 obtineris

36 1176 188 1248 nequibant,
205 1181 325 1248 corrupto
342 1179 387 1249 qui
403 1182 493 1250 captus
511 1182 566 1234 erat
584 1183 735 1244 commeatu,
752 1183 779 1234 et
797 1179 834 1234 iu·

38 1259 124 1308 stante
133 1255 188 1325 jam
203 1254 293 1319 hieme,
310 1255 414 1310 reduxit
429 1256 577 1321 exercitum,
593 1256 785 1327 composuitque
802 1255 834 1311 ad
903 1278 911 1290 ¹

38 1331 168 1385 Cursarem
179 1331 279 1385 litteras
292 1332 364 1402 quasi
376 1331 493 1388 confecto
506 1333 579 1396 bello,
589 1333 673 1388 verbis
685 1333 833 1405 magnificis,

38 1425 125 1461 rerum
144 1424 247 1462 vacuas.
283 1407 392 1462 Interim
410 1408 522 1464 Corbulo
542 1427 673 1480 nunquam
692 1410 859 1482 neglectam9

37 1483 181 1554 Euphratis
202 1483 284 1554 ripam
302 1483 470 1540 crebrioribus
488 1485 612 1556 presidiis
629 1486 738 1552 insedit;
757 1490 784 1541 ct
802 1505 835 1541 ne

37 1561 111 1630 ponti
123 1559 260 1630 injiciendo
272 1560 481 1631 impedimentum
490 1561 596 1616 hostiles
608 1565 700 1618 terme
707 1563 835 1630 afferrent,

38 1637 102 1708 (jam
123 1637 194 1691 enim
212 1637 333 1707 subjectis
350 1638 444 1708 campis
463 1656 555 1710 magna
572 1638 656 1708 specie
673 1637 834 1706 ruitabant)

37 1731 116 1768 naves
129 1713 305 1784 magnitudine
318 1717 469 1784 praestantes
488 1720 514 1769 et
531 1732 656 1770 connexas
674 1714 789 1770 trabibus
806 1733 836 1770 ac

37 1789 156 1845 turribus
169 1793 257 1844 auctas
269 1791 323 1862 agit
335 1809 381 1862 per
393 1808 499 1857 amnem,
508 1791 694 1862 catapultisque
703 1795 730 1846 et
737 1790 835 1847 balistis

37 1865 178 1938 proturbat
202 1865 339 1932 barbaros;
357 1867 385 1922 in
409 1885 483 1938 quos,
497 1885 558 1922 saxa
581 1871 608 1922 et
631 1867 712 1922 haste
734 1867 836 1938 longius

37 1943 213 2014 permeabant,
236 1961 312 2013 quam
332 1947 362 1998 ut
381 1944 508 1999 contrario
523 1945 675 2015 sagittarum
683 1944 757 2014 jactu
773 1943 836 1999 adae·

37 2023 190 2090 querentur.
227 2019 296 2074 Dein
316 2037 379 2090 pons
398 2021 570 2086 continuatus,
591 2021 718 2092 collesque
736 2020 859 2078 adsensit

37 2115 86 2167 per
103 2095 188 2150 socias
206 2095 330 2162 cohortes,
346 2101 405 2167 post
422 2097 551 2168 legionum
566 2098 656 2153 castris
671 2102 834 2168 occupantur,

37 2176 115 2227 tanta
126 2171 258 2227 celeritate
270 2178 297 2228 et
309 2175 480 2229 ostentatione
491 2175 582 2230 virium
595 2178 626 2228 ut
635 2175 732 2240 Parthi,
743 2176 837 2230 omisso

38 2254 135 2320 paratu
154 2248 303 2304 invadendas
325 2250 410 2321 Syriae,
431 2269 503 2322 spem
521 2269 622 2306 omnem
640 2251 668 2306 iu
691 2252 837 2308 Armeniam

39 2328 181 2381 verterent.
218 2325 272 2380 Ubi
290 2327 377 2382 Petos
394 2327 582 2383 imminentium
597 2329 706 2394 nescius,
722 2329 836 2399 quintum
846 2327 883 2380 10

40 2403 169 2474 legionem
181 2403 272 2472 procul
283 2403 311 2456 in
326 2404 411 2458 Ponto
428 2404 546 2470 habebut,
561 2405 671 2476 reliquas
687 2406 837 2476 promiscuis

41 2480 154 2534 militum
166 2479 349 2534 commeatibus
361 2479 540 2550 infirmaverat,
549 2481 630 2537 donec
642 2481 778 2538 adventare
788 2484 838 2535 Vo-

41 2555 148 2627 logesen
159 2572 253 2626 magno
274 2560 301 2610 et
323 2556 424 2611 intenso
448 2557 548 2628 agmine
571 2557 695 2612 auditum.
732 2558 861 2615 Accitura

42 2632 111 2702 legio
124 2630 281 2696 duodecima,
295 2636 322 2686 et
333 2632 402 2687 unde
413 2633 507 2688 famam
525 2634 595 2688 aucti
610 2634 737 2688 exercitus
753 2650 838 2704 spera-

43 2711 125 2774 ¹verat,
138 2707 241 2779 prodita
251 2708 430 2779 infrequentia.
467 2711 528 2770 Qua
539 2715 626 2765 tamen
636 2710 741 2765 retineri
755 2713 860 2774 castrat
