1960 2952
132 136 165 182 so
221 142 226 154 ·
293 115 296 122 '
441 133 596 183 ‘rsomt
976 179 977 196 ,

775 195 810 242 [A.
821 196 882 236 Μ.
892 195 934 237 itt

109 247 198 301 8rsnt.
235 243 336 300 Oaeoina
353 242 414 298 dnm
430 248 559 300 sustentet
576 245 662 310 aoiem,
680 245 790 299 suffosso
808 264 876 316 equo
894 245 936 300 de·

131 322 218 393 lapsus
234 321 486 386 oironmveniebatur,
500 322 754 394 niprimalegiosese
763 324 935 394 opposuisset.

108 400 206 465 9Juvit
213 400 325 454 hostium
335 399 450 464 aviditas,
459 401 553 454 omissa
562 400 629 455 erede
641 399 752 470 praedam
764 401 935 466 seotantinm;

124 476 258 548 enisaeque
269 477 382 548 legiones
394 481 586 548 vesperasoente
599 477 639 532 die
655 477 683 531 in
699 480 787 547 aperta
802 481 830 532 et
847 477 936 532 solida.

95 553 225 625 10Neqne
240 555 263 609 is
279 555 435 610 miseriarum
454 555 520 609 finis.
557 554 713 609 Struendum
728 553 831 619 vallum,
849 561 938 624 peten-

133 631 181 685 dus
199 650 295 703 agger;
321 633 415 687 amissa
431 651 524 704 magna
541 635 664 704 exparte
681 650 728 702 per
745 649 802 702 qua
821 632 939 703 egeritur

132 708 225 764 humus
247 713 292 764 aut
313 710 440 765 exciditur
458 729 569 781 eaespes;
592 729 644 764 non
660 709 772 764 tentoria
789 710 937 780 manipulis,

132 804 184 841 non
201 786 314 842 fomenta
332 788 439 842 sauciis:
464 788 573 843 inlectos
595 805 664 843 oaeno
686 791 731 841 aut
752 804 845 842 eruore
866 785 938 842 eibos
976 791 977 804 ¹

133 861 282 932 dividentes,
300 865 415 919 funestas
433 864 551 920 tenebras
569 868 596 919 et
615 868 655 919 tot
672 863 803 919 hominnm
822 864 938 920 millibus

132 959 213 994 unum
222 941 275 1012 jam
286 941 413 1012 reliquum
424 941 491 996 diem
502 941 714 997 lamentabantur.

88 1023 126 1078 66
169 1018 247 1074 Forte
259 1037 348 1096 equus,
366 1019 481 1089 abruptis
495 1019 601 1075 unoulis
612 1037 694 1090 vagus
711 1022 737 1074 et
754 1018 868 1074 elamore
885 1022 935 1074 ter-

110 1096 207 1161 eritas,
221 1096 342 1167 quosdam
364 1097 553 1152 ooemrentium
576 1096 730 1151 obturbavit.
767 1095 854 1150 Tanta
878 1097 938 1152 inde

134 1175 306 1228 oonsternatio
324 1174 446 1244 irrupisse
464 1175 602 1228 Germanos
617 1173 783 1237 credentium,
799 1178 831 1227 ut
849 1174 939 1230 eonati

134 1253 239 1305 ruerent
261 1249 293 1305 ad
309 1254 413 1321 portas;
433 1269 541 1322 quarum
557 1250 688 1305 decimans
705 1249 814 1304 maxime
831 1251 938 1320 peteba-

111 1331 185 1391 ttur,
196 1345 285 1382 aversa
291 1327 360 1383 hosti
369 1332 395 1382 et
402 1327 561 1399 fugientibus
568 1328 657 1382 tutior.
684 1327 792 1392 Oaeoina,
803 1331 939 1399 comperto

134 1423 224 1460 vanum
242 1424 298 1460 esse
312 1404 484 1470 formidinem,
502 1422 561 1460 oum
577 1408 665 1458 tamen
679 1422 761 1474 neque
780 1405 939 1460 anctoritate

133 1501 216 1552 neque
233 1482 359 1553 preoibus,
372 1500 405 1537 ne
416 1500 495 1536 manu
503 1481 605 1552 quidem
617 1481 742 1536 obsistere
758 1484 804 1535 aut
824 1483 940 1538 retinere

133 1561 240 1617 militem
258 1561 350 1631 quiret,
370 1559 500 1630 projeetus
520 1559 549 1613 in
566 1558 652 1613 limine
670 1562 752 1629 portae¹
771 1558 940 1614 miseratione

134 1641 242 1705 demum,
253 1639 313 1709 quia
321 1656 367 1709 per
376 1655 468 1708 eorpus
477 1636 555 1708 legati
564 1636 675 1690 eundum
685 1639 747 1701 erat,
758 1635 854 1692 elausit
863 1638 941 1693 viam

135 1717 216 1774 Simul
226 1717 324 1772 tribuni
333 1719 359 1772 et
368 1715 529 1771 centuriones
541 1714 634 1769 falsum
647 1730 765 1785 pavorem
774 1731 834 1770 esse
847 1714 941 1772 docue-

133 1799 203 1851 runt.

89 1874 125 1933 67
169 1874 242 1928 'luno
253 1874 398 1928 oontraotos
410 1871 438 1925 in
448 1869 579 1941 principia,
590 1869 727 1940 jussosque
743 1867 814 1923 diota
831 1886 896 1925 enm
911 1871 941 1926 si·

2 1945 3 1948 ¹
134 1951 214 2006 lentio
226 1950 346 2020 accipere,
362 1948 484 2019 temporis
497 1965 527 2002 ao
542 1946 703 2002 necessitatis
714 1949 810 2000 monet.
850 1947 941 2003 Unam

134 2027 162 2083 in
183 2028 259 2082 armis
275 2027 391 2094 salutem,
408 2025 498 2080 sedes
514 2023 618 2080 oonsilio
639 2023 812 2094 temperanda,
835 2043 941 2081 manen·

135 2105 246 2176 dumque
269 2105 338 2160 intra
360 2103 455 2159 vallum
479 2102 559 2158 donee
583 2099 746 2172 expugnandi
773 2100 866 2156 hostes
897 2121 941 2174 spe

111 2182 239 2254 ,propius
259 2181 442 2244 succederent3
460 2198 520 2235 mox
539 2179 652 2249 undique
673 2177 860 2248 erumpendum
870 2201 879 2245 ;
899 2181 942 2234 illa

112 2260 270 2330 ueruptione
293 2258 326 2314 ad
349 2259 469 2314 Rbenum
493 2256 627 2328 perveniri.
678 2253 779 2314 Quodsi
806 2253 941 2327 fugerent,

134 2337 220 2410 plures
240 2336 324 2402 silvas,
345 2334 484 2406 profundos
505 2333 586 2404 magis
605 2332 717 2404 paludes,
735 2331 864 2386 sevitium
884 2333 940 2388 hos

2 2475 3 2482 .
112 2415 200 2470 ttium
225 2430 372 2485 superesse:
392 2415 418 2466 at
441 2410 581 2466 viatoribus
606 2409 691 2474 decus,
717 2407 833 2480 gloriam.
874 2409 940 2469 Qun

2 2487 3 2524 l
135 2490 205 2546 domi
225 2507 290 2554 cara,
313 2507 369 2560 qus
388 2489 416 2542 in
435 2487 525 2543 eastris
539 2487 654 2553 honesta,
671 2487 811 2542 memorat:
832 2487 941 2543 reticuit

114 2567 168 2622 4de
192 2565 312 2621 adversis.
348 2565 437 2636 Equos
457 2564 555 2630 dehine,
577 2581 652 2619 orsus
673 2581 689 2618 a
707 2562 768 2629 suis,
790 2562 941 2634 legatorum

136 2642 348 2710 tribunorumque
365 2641 436 2695 nulla
453 2641 590 2696 ambitione
608 2640 748 2696 fortissimo
769 2639 867 2712 ruique
889 2641 941 2698 bel-

136 2719 212 2776 latori
223 2719 310 2788 tradit,
322 2721 353 2773 ut
364 2718 399 2787 hi,
411 2735 471 2773 mox
482 2718 567 2790 pedes,
580 2719 609 2774 in
619 2719 721 2774 hostem
730 2717 899 2775 invaderent.
