1866 2944
122 87 169 136 104
457 84 577 134 Tscm

749 140 893 196 [suurn

120 195 276 252 contrarium
301 197 414 262 vomunt,
439 199 466 252 et
489 197 574 268 gliscit
598 199 733 268 utrumqne
752 194 892 267 posteritate

98 275 159 328 4At
180 273 283 327 Drusus
306 273 370 328 urbe
394 291 512 345 egressus
535 273 681 344 repetendis
704 272 818 343 auspiciis,
839 284 894 322 nox

122 367 201 404 ovans
220 349 327 404 introiit.
364 349 514 420 Paucosque
531 354 591 421 post
610 350 664 405 dies
687 349 801 420 Vipsania
820 347 892 400 mater

120 426 179 496 ejus
199 427 316 490 excessit,
341 444 393 480 nna
416 427 529 481 omnium
553 427 676 498 Agrippa
698 426 822 481 liberorum
841 418 891 474 miti

99 501 201 565 sobitu.
238 502 306 556 Nam
318 506 417 558 ceteros
427 501 593 558 manifestum
604 503 681 572 ferro,
689 503 729 559 vel
739 500 846 558 creditum
855 498 892 550 est

121 578 521 646 venenoautiame,exstinotos.
837 627 839 631 .
929 601 930 610 2

76 661 116 714 20
156 653 254 709 Eodem
272 672 337 708 anno
349 655 504 721 Tacfarinas,
517 673 595 727 quern
611 656 695 726 priore
711 657 793 712 estate
805 649 891 722 pubem
929 683 930 692 κ

122 749 139 786 a
159 730 265 785 Camillo
282 732 426 796 memoravi,
448 731 542 787 bellum
558 732 587 786 in
604 732 693 786 Africa
714 733 815 792 renovat,
830 723 892 795 vagis

122 807 233 879 primum
244 806 450 878 populationibus
468 812 494 863 et
510 807 543 863 ob
560 807 735 878 pernicitatem
745 805 830 868 inultis,
840 800 893 855 dein

122 885 193 940 riom
217 883 372 950 exscindere,
397 885 499 940 trahere
522 903 612 956 graves
636 884 750 956 predes;
776 883 891 954 postrtmb
928 891 930 922 2

122 959 191 1016 baud
207 960 297 1030 procul
312 960 417 1031 Pagyda
433 962 545 1027 flumine,
563 962 695 1016 cohortem
710 961 841 1016 Romanam
854 954 894 1009 cir·

101 1036 256 1092 tcumsedit.
292 1036 404 1092 Praeerat
416 1037 521 1094 casteilo
533 1037 650 1104 Decrius,
663 1037 768 1108 impiger
778 1052 851 1098 mauu
859 1049 895 1086 εἰ·
925 1037 930 1096 i

124 1113 219 1168 ercitus
240 1113 337 1178 militis,
357 1117 383 1168 et
401 1115 470 1168 illam
493 1114 650 1170 obsidionem
667 1113 758 1186 flagitii
772 1115 843 1167 ratus.
871 1107 896 1162 Is
924 1109 930 1164 t

124 1190 272 1244 cohortatus
284 1189 378 1244 milites
394 1194 425 1244 ut
441 1191 539 1262 copiam
555 1209 648 1262 pugne
658 1191 687 1244 in
699 1193 784 1260 aperto
794 1188 898 1252 facerent,
924 1185 930 1248 1

102 1266 203 1322 taciem
214 1283 261 1336 pro
273 1266 363 1321 castris
375 1267 488 1322 instruit.
525 1267 662 1338 Primoque
677 1267 776 1338 impetu
789 1265 857 1336 puisa
866 1279 898 1316 cu

123 1343 205 1407 horte,
216 1346 349 1413 promptus
360 1342 429 1398 inter
437 1343 490 1398 tels
500 1348 616 1399 occursat
628 1343 792 1416 fugientibus,
802 1341 898 1410 increpat

124 1419 267 1491 signiferos,
286 1418 354 1490 quod
370 1419 507 1474 inconditis
525 1424 571 1475 ant
587 1420 759 1475 desertoribus
776 1419 843 1474 miles
857 1417 899 1471 Rc

124 1513 213 1550 manus
231 1499 305 1566 terga
322 1494 414 1561 daret;
438 1495 515 1550 sinui
531 1500 638 1567 excepta
654 1497 766 1562 vulnera,
787 1499 819 1560 et,
836 1510 899 1564 quan

125 1589 201 1642 quam
217 1571 359 1626 transfosso
371 1571 452 1640 oculo,
464 1571 598 1628 adversum
610 1591 639 1627 os
651 1573 678 1627 in
689 1573 789 1628 hostem
799 1569 899 1632 intendit,

124 1665 207 1718 neque
228 1647 345 1718 proeiium
369 1649 463 1714 omisit,
489 1649 569 1704 donec
592 1649 709 1704 desertus
733 1649 786 1704 suis
808 1646 899 1703 caderet

81 1729 115 1782 21
126 1724 192 1782 Quoe
209 1727 345 1794 postquam
361 1725 394 1780 L.
406 1725 520 1794 Apronio
534 1727 604 1794 (nam
620 1724 728 1780 Camillo
744 1721 899 1789 successerat)

125 1803 263 1871 comperta,
283 1800 364 1872 magis
382 1799 505 1856 dedecore
522 1819 626 1856 suorum
644 1819 720 1872 quam
741 1801 819 1873 gloria
835 1797 900 1854 bostis

126 1876 224 1941 anxius,
235 1894 292 1931 raro
305 1894 335 1930 ea
345 1881 499 1948 tempestate
511 1879 538 1932 et
548 1895 562 1932 e
571 1879 657 1932 vetere
668 1877 899 1937 memoriensem

126 1951 252 2006 decimum
270 1969 395 2024 quemque
412 1953 586 2024 ignominiosae
603 1953 723 2018 cohortis,
737 1956 804 2008 sorte
818 1951 899 2014 ductus

104 2028 191 2085 abisti
202 2032 283 2084 necat.
319 2025 480 2101 Tantumqbe
492 2029 628 2084 severitate
638 2029 789 2100 profectum,
802 2032 830 2084 ut
840 2025 900 2084 vent

127 2104 180 2160 lum
197 2108 381 2169 veteranorum,
394 2123 447 2159 non
464 2105 570 2176 amplius
589 2105 723 2176 quingenti
738 2123 846 2171 numero,
861 2121 899 2158 eas

128 2180 186 2236 dem
206 2179 373 2236 Tacfarinatis
392 2181 485 2251 copias,
503 2181 648 2252 prasidirmr
669 2182 711 2236 cui
731 2181 809 2236 'lbala
826 2195 900 2236 nonen

106 2272 268 2328 saggressas,
287 2255 407 2312 fuderint.
445 2257 505 2315 Quo
522 2257 611 2328 proelio
631 2258 718 2312 Rufus
736 2257 848 2322 Helvius,
859 2273 899 2326 gre

128 2333 214 2402 garius
227 2333 306 2397 miles,
320 2333 415 2388 servati
427 2333 488 2389 civis
501 2334 579 2389 decus
587 2335 696 2400 rettulit,
710 2334 861 2405 donatusque
870 2335 899 2386 st

106 2406 160 2466 aab
172 2407 285 2474 Apronio
297 2408 431 2476 torquibus
444 2414 470 2463 et
486 2410 567 2464 hasta.
605 2411 690 2465 Cesar
702 2410 799 2466 addidit
817 2410 900 2466 civium

129 2496 254 2543 coronam,
269 2482 338 2548 qnod
349 2500 400 2537 non
412 2502 467 2538 eam
480 2504 580 2556 quoqne
596 2487 727 2557 Apronius
743 2487 802 2558 jure
815 2503 899 2558 procer

107 2551 191 2604 seniis
214 2553 355 2618 tribuisset,
381 2563 487 2626 questus
508 2562 590 2632 magis
615 2580 691 2632 quam
718 2563 834 2619 offensus.
865 2558 900 2616 Sed

129 2623 281 2689 Tacfarinas,
294 2631 415 2695 percuisis
428 2633 547 2716 Numidis
564 2641 591 2691 et
609 2637 708 2694 obsidia
722 2639 899 2711 aspernantibm
