1860 2956
169 123 218 172 256
507 121 627 170 noem

801 171 911 229 [ausos

168 234 248 289 ritum
278 235 435 302 exutumque
464 232 559 303 campis
587 229 760 286 Mithridaten
787 221 916 297 complitis

169 309 302 366 castellum
314 309 434 372 Gorneas,
447 311 534 362 tutum
545 307 601 363 loco
613 325 642 362 ao
649 306 766 378 presidio
774 304 867 367 militurn,
876 299 918 370 qul!

171 387 264 442 Gaelius
281 385 363 439 Pollio
381 384 525 455 prefectus,
549 383 665 439 centurio
689 382 818 454 Casperius
836 377 917 450 preerat.

148 461 244 517 4Nihil
266 465 320 516 tam
343 461 461 532 ignarum
484 460 597 516 barbaris
622 478 699 532 quam
721 451 917 514 machinmeutaet

170 541 242 593 astus
254 537 489 609 oppugnationum:
508 540 535 591 at
551 536 624 591 nobis
637 554 668 592 ea
678 554 738 607 pars
749 535 834 590 militie
842 527 920 586 unius

148 632 250 686 ggnara
266 618 314 669 est.
350 613 394 668 Ita
411 613 594 668 Rhadamistus
612 613 711 668 frustra
731 612 772 667 vel
788 629 838 666 cum
855 607 918 691 dmi

170 690 277 746 tentatis
302 688 485 744 munitionibus
509 688 636 744 obsidium
659 689 767 760 incipit3
789 690 814 742 et
833 701 878 740 cun
892 695 920 736 ra

170 767 351 838 negligeretur,
370 765 502 820 avaritiam
519 765 634 836 praelecti
652 767 798 828 emereatur,
813 758 920 842 obtestante

172 843 292 914 Casperio
315 860 348 896 ne
372 841 456 896 socius
479 859 532 906 rex,
558 859 591 896 ne
615 841 738 896 Ameria
759 839 843 894 donum
860 829 920 905 popli

151 919 289 984 tRomani,
302 917 396 973 scelere
408 920 435 972 et
446 917 554 988 pecunia
565 920 735 973 verterentur.
759 915 876 997 Postremo
881 903 920 978 qn‘!

172 993 360 1050 multitudinem
371 993 484 1049 hostium
497 993 586 1058 Pollio,
596 993 669 1064 jussa
680 992 760 1064 patris
771 987 919 1046 Rhodanum

172 1070 351 1135 obtendebant,
363 1072 453 1141 pectus
465 1069 580 1124 inducias
599 1069 722 1134 abscedit,
740 1070 775 1133 ut,
787 1065 832 1120 nisi
846 1062 920 1118 Phae

172 1165 263 1202 manen
280 1146 346 1200 bello
365 1145 551 1211 abstemiisset,
572 1146 602 1200 Τ.
621 1144 778 1200 Ummidium
798 1138 920 1201 ΟΜΝ

172 1221 306 1292 presidem
318 1221 397 1294 Syriae
409 1221 518 1287 doceret,
536 1240 587 1292 quo
605 1222 633 1276 in
645 1225 716 1276 stetu
733 1218 849 1274 Arnenie
857 1191 920 1296 lorfflj

127 1299 166 1354 46
174 1299 299 1368 Digressu
310 1297 465 1353 centurionis
477 1297 547 1352 velut
560 1297 666 1353 custode
686 1297 807 1360 exolutus,
821 1291 920 1380 preltdlffq.

173 1372 270 1427 hortari
285 1372 457 1428 Mithridaten
472 1372 505 1427 ad
520 1373 686 1429 senciendum
703 1373 792 1438 foedus,
805 1365 920 1440 0011qu

174 1467 232 1504 nem
243 1449 353 1504 lustrum
370 1468 400 1505 ac
415 1449 525 1521 priorem
543 1453 619 1504 aetate
636 1451 820 1505 Pharasmanen
833 1449 854 1500 et
865 1431 920 1524 oeld,

174 1525 387 1580 necessitudinum
400 1525 502 1580 nomina
513 1525 632 1590 referens,
643 1525 712 1597 quod
723 1526 798 1581 filiam
807 1523 853 1594 ejus
862 1519 920 1602 iruntl

175 1601 293 1656 trimonio
310 1601 423 1667 haberet,
443 1601 511 1672 quod
533 1603 588 1672 ipse
608 1603 777 1658 Rhadamisto
798 1616 859 1656 socer
876 1614 918 1679 ἡ

154 1678 237 1733 2Non
248 1677 358 1733 abnuere
370 1695 456 1749 pacem
469 1677 565 1744 Iberos,
576 1697 722 1750 quanquam
736 1680 764 1734 in
778 1682 875 1746 enne
890 1694 892 1699 ’
917 1684 919 1711 ³

177 1754 259 1810 diores
268 1776 276 1821 ;
294 1758 321 1810 et
339 1755 402 1809 satis
419 1755 547 1826 cognitam
565 1756 745 1811 Armeniorum
765 1752 881 1826 perfidius
899 1778 916 1829 χ

177 1831 246 1886 aliud
257 1830 364 1886 subsidii
375 1848 453 1901 quam
465 1830 598 1886 castellum
613 1836 757 1888 commeatu
772 1843 873 1902 egenum.
912 1894 917 1905 μ

157 1907 306 1963 tdubitarct
313 1907 388 1962 armis
397 1907 542 1963 incruentas
552 1906 709 1964 conditiones
718 1908 796 1964 malle.
860 1924 881 1949 ιν
896 1920 898 1923 ·
913 1944 916 1947 x

178 1983 210 2038 ad
228 2001 258 2038 ea
271 1982 431 2048 Mithridate,
448 1986 475 2038 et
491 1983 617 2054 suspectis
635 1985 750 2055 praelecti
766 1980 870 2042 consillia
885 2000 888 2019 ¹
910 2022 913 2025 ·

177 2059 291 2129 pellicem
302 2060 398 2131 regiam
409 2059 533 2130 polluerat
543 2059 620 2130 inque
627 2078 729 2116 onmem
737 2061 898 2118 nbinneur
906 2056 913 2137 ,¹

177 2133 325 2202 habebatur,
339 2135 475 2206 Casperius
487 2135 591 2190 interim
602 2136 635 2191 ad
646 2137 830 2192 Pharasmanen
839 2149 866 2203 pe
881 2154 882 2157 ’
900 2152 902 2163 ’

154 2214 257 2282 tutque
269 2212 338 2267 Iberi
350 2212 447 2268 obsidio
459 2212 582 2268 decedant
591 2214 745 2286 expostulat.
779 2213 825 2269 Ille
835 2225 886 2281 prm

178 2287 276 2342 incerta
289 2293 316 2344 et
333 2289 424 2360 saepius
440 2289 555 2344 molliora
570 2291 734 2361 respondens,
752 2288 850 2346 secretis
862 2300 905 2337 11¹³

178 2363 265 2416 monet
277 2365 473 2420 Rhadamistum
484 2368 701 2438 oppugnationem
712 2385 810 2439 quoquc
818 2359 880 2419 mod⁰
890 2386 902 2397 *v

157 2441 242 2491 orare.
278 2440 397 2510 Augetur
414 2441 506 2512 flagitii
526 2461 630 2509 merces,
652 2447 679 2499 et
696 2444 777 2499 Pollio
797 2437 900 2497 occuli!

178 2512 296 2582 mptione
313 2515 421 2584 impellit
438 2517 540 2584 milites,
559 2523 590 2574 ut
613 2538 703 2591 pacem
725 2517 860 2592 flagitarent
880 2534 909 2567 ³¹,

157 2587 322 2655 epraesidium
345 2590 482 2647 omissuros
506 2595 693 2652 minitarentur.
737 2597 796 2657 Qus
816 2606 901 2648 mr=÷·‘'“

56 2709 60 2711 ,
179 2660 343 2718 Mithridates
355 2663 421 2720 diem
433 2667 568 2740 locumque
586 2672 677 2728 frederi
693 2673 798 2745 accepit,
815 2687 852 2727 cas
866 2666 892 2709 sl·
