1960 2952
17 99 18 102 ¹
270 80 464 131 ANNALIUM
484 85 520 134 11.
539 81 640 134 11-14.
818 85 848 132 tt

17 175 18 178 η
48 151 71 190 Δ.
83 145 169 196 Μ]

17 193 767 266 ¹tisuninuoiefuterontur‚sirnulperttdosetruptores
783 193 852 264 pseis

49 275 149 331 ultioni
163 276 192 328 et
204 271 290 344 glorie
301 271 455 326 msotundos.
491 273 565 328 Inter
576 291 633 344 quse
648 289 716 327 num
732 269 852 335 hostium,
862 277 905 324 t-

48 351 161 408 leuna
172 349 268 420 tingue
280 348 369 413 sciens,
382 352 440 404 soto
451 348 484 403 sd
495 349 588 404 vellum
600 367 673 422 equo,
685 365 748 404 roos
762 363 855 418 magns

48 429 182 500 eonjuges
194 429 222 480 et
234 442 308 496 egros
320 429 347 479 et
361 424 481 496 stipendii
495 426 523 481 in
538 425 600 492 dies,
613 426 694 482 donee
708 423 853 488 bellaretur,

48 503 193 562 sestertios
202 505 330 567 centenos,
343 502 366 557 si
377 502 434 574 quis
440 503 629 575 transfugisset,
639 500 856 558 Arminiinomino

49 581 204 656 pollicetur.
263 577 382 633 Inoeudit
410 597 441 634 es
466 579 619 635 oontumelin
637 577 766 652 bgionum
788 578 882 634 irsszt

49 659 161 720 veniret
183 655 246 720 dies,
259 654 364 710 duretur
376 673 477 727 pugus3
496 661 658 728 sumpturum
673 655 779 712 militem
795 655 857 711 Ger·

17 801 18 804 ¹
50 752 196 794 manorum
208 749 291 803 agros,
303 735 445 788 treoturum
457 733 593 806 oonjuges3
612 733 725 804 seeipere
736 749 817 797 omen,
830 733 858 786 et

17 875 18 882 χ
51 809 228 870 matrimonio
239 808 519 878 sopeonnisshostium
530 809 622 882 praedae
633 809 769 865 destinare.
799 807 884 862 'ier-t

17 883 19 958 s
52 891 96 946 tis
105 888 191 942 ferme
199 884 288 956 vigilia
296 884 451 940 adsultatum
460 891 500 942 est
507 887 605 952 uestris,
614 886 669 942 sine
678 885 794 957 oonjeotu
805 883 858 950 teli,

53 967 201 1040 postquem
219 960 320 1029 erebres
337 979 384 1032 pro
401 963 563 1020 munimentis
575 964 693 1020 eohortes
704 967 731 1017 et
746 961 810 1017 nihil
821 977 861 1016 re·

54 1044 172 1099 missum
185 1055 294 1092 sensere.
324 1037 386 1092 Nox
397 1038 484 1094 eudem
495 1039 579 1096 laetsm
589 1039 738 1096 Germsuieo
750 1038 861 1110 quietem
872 1041 908 1099 14

17 1165 27 1186 ,
55 1119 141 1184 tniit;
160 1114 275 1185 viditque
287 1131 316 1168 se
327 1118 466 1184 operatum,
479 1120 513 1183 et,
527 1117 652 1188 sunguine
664 1133 735 1172 suero
746 1129 863 1186 resperso

17 1247 19 1256 ξ
56 1195 199 1268 praetextn,
213 1190 381 1261 pulchriorem
394 1191 467 1246 eiiam
483 1193 599 1248 monibus
611 1192 673 1249 ovio
685 1194 810 1264 Augusto
822 1207 863 1245 se·

58 1271 173 1342 oepisse.
192 1269 292 1322 Auotus
302 1267 393 1333 omine,
404 1267 578 1326 sddioeutibus
587 1269 713 1341 auspiciis,
722 1271 796 1324 voest
805 1281 887 1328 oon-2

58 1349 174 1411 cionem,
181 1349 208 1400 et
218 1362 274 1415 quse
283 1344 408 1414 sapientia
418 1347 526 1416 provise
534 1351 643 1418 optoque
651 1344 793 1401 imminenti
801 1361 865 1415 pug-

58 1443 113 1490 neo,
123 1421 234 1477 disserit.
270 1420 332 1474 Non
343 1438 444 1492 campos
456 1422 531 1478 modo
542 1423 618 1478 militi
629 1423 745 1478 Romano
755 1421 787 1476 nd
799 1435 888 1492 prm-⁸

19 1555 25 1564 ,
59 1503 130 1560 lium
141 1499 231 1562 bonos,
241 1495 287 1552 sed
298 1497 321 1551 si
331 1497 397 1553 ratio
409 1498 483 1565 adsit,
493 1500 569 1556 silves
581 1503 608 1554 et
620 1500 715 1554 sultus:
737 1517 784 1553 nee
796 1498 862 1552 enim

22 1632 25 1640 ,
60 1579 193 1634 immensu
205 1573 367 1629 barbarorum
379 1579 459 1640 soute,
472 1594 587 1632 enormes
603 1577 697 1640 hastos,
710 1575 778 1630 inter
793 1577 866 1628 trun·

62 1673 112 1711 eos
137 1652 256 1709 arborum
278 1655 305 1706 et
326 1655 401 1707 enata
421 1653 498 1708 humo
518 1654 631 1726 virgulta
651 1651 755 1724 perinde
778 1649 867 1706 heberi

64 1749 145 1803 quam
155 1728 208 1800 pile
216 1732 243 1782 et
252 1727 349 1800 gladios
361 1732 387 1783 et
396 1728 518 1784 haerentis
529 1730 629 1800 eorpori
640 1727 762 1799 tegmine,
798 1727 892 1788 Deo-4

64 1810 157 1864 serent
176 1805 250 1869 ictus,
270 1822 315 1859 ors
331 1805 495 1861 mucronibus
513 1808 670 1878 quererent:
695 1821 747 1858 nou
764 1802 868 1860 loricam

66 1885 208 1946 Germano,
220 1899 273 1935 non
289 1880 385 1951 galeam
393 1904 401 1948 ;
420 1899 452 1937 ne
469 1887 542 1938 sonte
558 1881 660 1954 quidem
675 1881 743 1936 ferro
758 1889 868 1936 nervove

65 1962 181 2024 firmate,
192 1957 237 2013 sed
248 1957 370 2014 viminum
381 1963 470 2014 textus
481 1959 522 2015 vel
533 1964 624 2015 tenues
636 1963 663 2014 et
674 1958 773 2014 inustas
785 1959 869 2016 eolore

65 2036 193 2100 tabuiss3
219 2035 327 2106 primam
350 2039 492 2108 utcumque
515 2036 595 2092 aoiem
618 2036 752 2104 hastatum,
777 2029 869 2094 esteris

65 2115 187 2188 praeuste
202 2115 247 2167 sut
264 2111 350 2167 brevis
364 2113 423 2168 tels
460 2113 518 2168 Jsm
534 2131 634 2184 eorpus,
647 2117 679 2186 ut
694 2113 752 2170 visu
766 2117 893 2179 tos-rums

67 2195 99 2248 et
124 2189 159 2244 ad
178 2189 281 2244 brevem
301 2189 425 2260 impetum
444 2190 564 2256 validum,
586 2190 624 2248 sie
644 2190 714 2263 nulle
736 2191 872 2247 vulnonem

66 2265 214 2340 patientis:
234 2265 289 2320 sino
304 2265 401 2336 pudore
422 2267 519 2338 flagitii,
533 2267 588 2322 sine
607 2285 669 2323 oure
683 2267 776 2323 dueum
793 2268 871 2333 obire,

66 2345 165 2415 fugere
172 2365 180 2408 3
198 2341 303 2412 pavidos
315 2341 435 2408 adversis,
448 2343 516 2398 inter
528 2343 638 2398 seeundo
654 2361 706 2398 uon
722 2343 808 2410 divini,
821 2359 874 2398 non

67 2419 180 2476 humani
188 2417 256 2488 juris
267 2435 399 2473 memores.
431 2419 459 2473 si
470 2418 547 2474 toedio
557 2418 657 2475 risuum
669 2435 699 2474 so
710 2419 786 2474 meris
798 2421 898 2480 finem

68 2495 198 2628 “stt
208 2493 608 2640 messuimus
624 2493 877 2634 uesieu

70 2665 126 2720 que
137 2646 251 2718 vestigio
261 2649 428 2718 prementem,
438 2643 521 2700 utem
534 2643 562 2697 in
576 2641 655 2696 terris
670 2637 793 2693 vietorem
804 2632 879 2685 siste·
