1960 2952
290 112 485 162 ANNALIUM
505 112 546 162 11.
559 114 630 162 2-6.
834 117 863 163 51

66 175 182 238 unns]

15 295 16 300 ἵ
65 244 175 280 nonune.
213 223 291 283 Quod
301 224 439 280 ludibrium
450 225 563 296 effugere
581 223 718 296 agitaverit
735 223 887 289 Vononest

65 303 94 358 in
106 303 162 358 loeo
168 301 317 382 reddemus.

101 380 224 434 Ceterum
242 378 343 433 Tiberio
361 378 430 433 haud
448 379 577 450 ingratum
595 377 688 434 ueeidit
705 377 804 434 turbari
822 381 890 436 reeb

65 457 190 520 Orientis,
212 457 243 509 ut
265 473 295 510 ee
315 455 399 525 speeie
420 455 599 510 Gennunionm
620 455 700 510 suetis
721 454 863 526 legionibus

64 533 235 597 abstraheret,
252 531 376 601 novisque
393 531 530 602 provinciis
545 531 694 602 impositum
712 529 770 586 dolo
787 529 864 587 simul

62 614 91 664 et
109 607 211 663 nasibus
227 606 375 677 objectaret.
411 609 449 662 At
467 607 516 673 ille,
535 611 631 678 querito
649 607 745 662 seriore
760 607 889 664 ineunt

63 685 154 740 studie
178 684 289 738 militum
310 688 337 738 et
360 701 449 738 averse
472 684 558 754 putrui
578 683 703 749 volentes,
727 683 865 748 oelerendae

61 761 181 817 victorie
193 760 323 824 intentior,
336 763 447 815 truoture
463 759 606 830 preliorum
622 760 684 826 uas,
697 762 724 815 et
743 777 799 830 quie
815 761 864 816 sibi

60 839 171 894 tertium
182 837 235 908 jem
247 854 342 891 annum
359 835 516 907 belligeranti
535 855 601 892 seve
616 836 656 892 vel
671 853 793 908 prospere
809 855 864 893 eve

60 916 172 971 nissent.
209 913 295 966 Fundi
316 913 455 968 Germenoe
476 913 529 968 soie
551 917 578 968 et
597 913 675 984 justis
693 913 763 978 loeis,
780 913 886 985 juverit

60 992 144 1055 silvie,
166 987 309 1061 paludibus,
332 987 403 1044 brevi
427 993 516 1044 sestete
540 993 566 1044 et
590 997 742 1061 premeture
765 990 863 1059 hieme;

60 1086 142 1124 suum
166 1065 272 1120 militem
292 1064 362 1119 haud
382 1066 486 1136 perinde
506 1065 652 1122 vulneribus
676 1085 752 1138 quem
775 1069 864 1139 spatiis

59 1145 196 1207 itinerum,
209 1141 302 1196 damno
318 1158 445 1196 armornm
461 1141 549 1208 edlioi3
568 1143 649 1198 fessas
668 1143 762 1199 Gellius
778 1146 864 1202 minis-

58 1219 164 1276 trandis
183 1218 271 1289 equis;
290 1217 394 1288 longum
411 1218 649 1289 impedimentorum
665 1238 756 1292 agmen
773 1239 863 1292 oppor-

58 1303 157 1354 tunum
170 1295 204 1350 ad
215 1294 327 1359 insidias,
340 1294 531 1352 defensantibus
543 1296 666 1366 iniquum.
702 1298 739 1352 At
756 1298 779 1354 si
794 1308 887 1354 meret

57 1376 187 1438 intretur,
198 1373 340 1442 promptam
353 1371 415 1442 ipsis
427 1373 613 1443 possessionem
625 1377 651 1428 et
663 1373 781 1429 hostibus
792 1375 863 1447 igno-

56 1456 124 1517 tam,
139 1449 219 1505 simul
230 1447 323 1503 bellum
336 1449 461 1504 maturius
475 1449 561 1521 inoipi,
573 1449 735 1521 legionesque
752 1455 779 1505 et
795 1469 863 1508 oom-

56 1531 165 1584 meetus
184 1525 280 1596 pariter
300 1525 374 1591 vehi3
393 1525 522 1596 integrum
539 1527 652 1598 equitem
669 1545 798 1599 equosque
815 1545 862 1598 per

56 1624 107 1662 ora
120 1607 149 1658 et
162 1601 248 1658 alveos
265 1601 397 1656 fluminum
415 1602 498 1658 medie
513 1603 541 1658 in
558 1603 693 1660 Germania
710 1603 771 1658 iore.
807 1603 887 1675 Igi·6

56 1687 106 1738 tur
131 1681 185 1734 hue
202 1678 321 1744 intendit,
339 1679 423 1734 missis
441 1678 474 1734 ed
491 1697 582 1736 eensus
607 1679 745 1734 Galliarum
767 1679 798 1734 P.
817 1681 863 1736 Vi·

56 1758 136 1814 tellio
147 1761 176 1812 et
195 1755 224 1812 O.
237 1755 324 1810 Antio.
362 1755 439 1810 Silius
455 1762 482 1812 et
500 1757 610 1811 Anteius
626 1759 653 1810 et
670 1755 771 1811 Oueina
787 1755 862 1812 febri·

56 1834 152 1898 eendae
171 1831 248 1888 olessi
263 1835 453 1902 preponuntur.
489 1832 563 1888 Mille
578 1851 656 1888 neves
672 1833 786 1889 sufficere
801 1833 883 1890 viset

55 1913 273 1984 properstaeque:
293 1908 347 1964 eliae
359 1908 457 1974 breves,
471 1913 581 1982 anguste
597 1910 677 1981 puppi
690 1927 816 1982 proraque
834 1914 861 1968 et

54 1989 116 2045 leto
140 1990 225 2050 utero,
251 2002 301 2056 quo
325 1985 425 2040 lucilius
448 1987 543 2042 fluetus
567 1986 706 2042 tolerarent
713 2010 721 2055 ;
746 1989 861 2059 quedem

55 2067 147 2138 plunae
166 2062 267 2128 earinis,
284 2065 315 2118 ut
332 2063 387 2118 sine
401 2081 468 2118 noxe
482 2063 613 2130 siderent3
630 2065 716 2136 plures
737 2066 860 2138 appositis

54 2143 189 2212 utrinque
212 2139 398 2210 gubernaculis,
425 2158 548 2196 converso
572 2145 729 2215 strepente
753 2142 860 2214 remigio

54 2221 124 2276 hine
148 2216 192 2272 vel
213 2216 283 2272 illino
306 2217 469 2288 appellerent.
506 2219 599 2274 Multae
621 2220 742 2290 pontibus
764 2223 882 2284 sintne

54 2311 143 2368 super
162 2311 225 2364 ques
241 2296 370 2350 tormenta
385 2295 547 2361 veherentur,
568 2296 643 2351 simul
663 2301 729 2368 eptae
749 2295 860 2352 ferendis

54 2373 138 2446 equis
160 2373 206 2425 aut
226 2371 386 2437 eommeetui,
406 2372 470 2428 velis
489 2372 594 2438 hsbiles,
613 2373 671 2428 oitae
685 2373 769 2438 remis,
785 2390 861 2442 auge-

53 2453 160 2508 bantur
179 2447 309 2503 ulsoritete
323 2449 434 2504 militum
445 2449 472 2504 in
485 2450 594 2521 speeiem
606 2453 780 2505 deterrerem.
817 2447 882 2504 Inl

54 2529 119 2585 sula
143 2525 303 2582 Batavorum
326 2525 354 2580 in
378 2543 453 2595 quem
476 2527 649 2588 convenirent,
673 2524 802 2594 prsediota,
827 2522 860 2573 ob

54 2604 152 2662 faciles
176 2601 298 2674 eppulsus
317 2601 521 2672 accipiendisque
542 2601 621 2669 oopiis
643 2603 669 2652 et
688 2594 861 2648 transmitten-

54 2684 124 2740 dum
144 2679 180 2736 ud
198 2679 295 2736 bellurn
315 2680 466 2748 opportune.
503 2675 572 2730 Nem
592 2673 700 2726 Rhenus
720 2681 772 2716 uno
791 2662 883 2712 elveno
