1860 2956
37 221 93 263 η
109 223 153 270 52]
245 159 440 209 ANNALIUM
457 161 520 209 Xll.
538 163 641 210 52—66.
787 163 832 210 2θὶ

42 278 103 337 rent,
118 271 275 336 dubitatum,
293 271 354 342 quin
371 272 453 342 eapite
468 289 554 342 pronas
571 271 686 326 luerent:
708 269 838 326 cumeurn

41 353 65 403 et
76 348 151 404 Felix
163 347 352 402 cunctationem
365 347 513 414 afferebant,
526 347 586 418 quin
603 345 733 411 Claudius,
753 347 837 402 muris

39 424 183 480 rebellionis
196 423 299 488 auditis,
315 424 357 493 jus
376 423 506 478 statuendi
525 424 602 478 etiarn
620 423 652 478 de
668 423 838 494 procuratori·

38 501 85 556 bus
104 499 219 554 dederat.
256 499 307 554 Sed
319 499 467 559 Quadratus
479 499 588 554 Felicem
600 500 667 555 iuter
684 499 782 571 judiees
799 502 859 554 oet

38 578 157 644 tentavit,
169 579 300 646 reoeptum
317 576 345 630 in
361 577 481 643 tribunal,
494 594 545 648 quo
561 575 647 631 studia
664 577 838 632 aoousuntium

39 653 249 717 deterrerentur;
268 651 452 723 daumutusque
464 652 618 724 flnffl'tiorum
636 671 693 724 quor
711 651 762 706 duo
778 651 838 708 deli·

39 733 148 800 querant
161 729 300 794 Cumanus,
313 733 340 782 et
353 729 425 799 quies
436 729 573 799 provincie
585 728 692 784 reddita

73 807 132 861 Neo
154 805 237 859 multo
252 809 310 876 post
325 806 465 876 agrestium
481 805 589 862 Oilioum
606 805 730 872 nationes,
747 803 883 876 quibustb

39 883 166 938 illituum
187 885 391 952 cognomentum,
414 900 481 952 sepe
498 886 525 937 et
541 881 602 936 ollas
620 886 760 950 eommote,
776 885 839 938 tuno

37 959 187 1014 Troxobore
203 957 267 1012 duee
282 962 383 1012 montes
404 975 506 1029 asperos
527 958 617 1013 eastris
638 975 744 1029 oepere;
762 961 839 1030 etque

35 1035 97 1090 inde
109 1035 222 1089 decursu
237 1033 353 1087 inlitora
370 1038 415 1088 aut
431 1034 508 1089 urbes
525 1034 578 1088 vim
594 1033 736 1089 oultou'bos
752 1037 779 1088 et
796 1051 839 1105 op

34 1111 147 1183 pidanis,
171 1129 202 1166 ao
220 1110 369 1180 plerumque
389 1111 417 1164 iu
440 1115 593 1166 meroatores
618 1114 645 1165 et
664 1109 838 1175 navicularios,

35 1187 177 1243 audebant.
216 1186 377 1257 Obsessusque
391 1187 480 1242 uiriles
493 1187 692 1251 Anemuriensis,
707 1190 733 1241 et
742 1186 814 1241 missi
825 1198 862 1243 et

36 1265 114 1336 Syria
125 1265 154 1318 in
166 1262 309 1318 subsidium
322 1263 421 1333 equites
433 1281 492 1317 oum
503 1264 625 1334 prefecto
638 1263 729 1318 Curtio
747 1263 840 1318 Severo

34 1329 198 1405 turbantem
230 1339 297 1410 quod
320 1338 379 1394 duri
403 1340 498 1395 oiroum
521 1339 578 1405 looi,
603 1339 784 1411 peditibusque
808 1337 839 1394 sd

33 1436 154 1490 pugnum
178 1415 271 1480 idonei,
298 1419 417 1486 equestre
440 1416 554 1486 proelium
578 1416 647 1471 haud
668 1416 839 1487 patiebantur.
892 1459 899 1470 .

32 1497 107 1550 Dein
129 1511 178 1548 rex
198 1493 253 1562 ejus
272 1510 324 1546 orse
343 1492 494 1560 Antiochus,
510 1493 689 1548 blandimentis
708 1493 863 1552 adversums

32 1571 148 1643 plebem,
170 1567 260 1623 fraude
279 1569 307 1622 in
328 1568 417 1622 duoem
434 1587 493 1624 oum
508 1568 672 1624 barbarorum
688 1568 773 1638 oopias
790 1567 841 1622 dis·

32 1649 175 1710 sooidsset,
198 1645 344 1699 Troxobore
365 1647 503 1717 paucisque
524 1646 679 1717 primoribus
699 1644 841 1700 interiectis
892 1669 897 1676 ·

32 1731 139 1782 eeteros
152 1723 290 1778 elementia
301 1723 450 1792 oomposuit.

71 1801 130 1856 Sub
152 1799 222 1854 idem
241 1803 343 1869 tempus
365 1799 433 1853 inter
447 1799 530 1854 laeum
549 1798 674 1854 Fucinum
691 1817 840 1869 amnemque
848 1805 885 1860 56

30 1879 126 1935 Lirim
134 1879 261 1948 perrupto
272 1879 367 1940 monte,
381 1893 431 1947 quo
443 1876 631 1947 magnificentia
642 1876 725 1946 operis
738 1894 753 1930 a
764 1876 841 1947 pluri-

29 1957 85 2012 bus
106 1955 243 2021 viseretur,
260 1953 318 2007 loou
335 1953 363 2006 in
377 1953 434 2023 ipso
448 1953 537 2008 navale
555 1954 668 2024 proelium
688 1953 840 2021 adornatum

27 2038 65 2089 ut
89 2030 222 2103 quondam
240 2030 375 2100 Augustus
394 2033 493 2084 struoto
505 2030 541 2084 eis
554 2030 664 2084 iliberim
682 2033 780 2101 stagno,
796 2030 841 2085 sed

25 2109 139 2166 levibus
156 2105 266 2177 navigiis
288 2108 314 2160 et
334 2105 431 2159 minore
447 2105 526 2176 eopia,
552 2105 674 2161 ediderat.
719 2105 862 2162 Claudius2

24 2187 160 2242 triremes
173 2182 396 2253 quadriremesque
408 2184 435 2236 et
449 2181 610 2254 undeviginti
621 2182 752 2237 hominum
763 2182 842 2238 millia

10 2261 158 2324 armavit,
168 2259 252 2314 oineto
260 2257 359 2312 ratibus
369 2256 474 2326 ambitu,
484 2273 516 2313 ne
528 2277 593 2331 vaga
604 2259 699 2330 effugia
709 2259 801 2322 forent,
812 2277 842 2315 so

22 2346 128 2397 tamen
140 2337 253 2406 spatium
265 2335 396 2406 amplexus
409 2335 442 2390 ad
454 2337 506 2390 vim
523 2337 631 2406 remigii,
645 2335 841 2407 gubernantium

23 2423 117 2478 artes,
131 2413 244 2484 impetus
256 2413 359 2467 navium
372 2415 398 2466 et
409 2413 496 2482 praelio
509 2413 591 2468 solita.
628 2413 661 2467 Iu
672 2413 770 2467 ratibus
780 2426 863 2482 prm-3

21 2493 166 2550 toriarum
177 2489 319 2544 cohortium
329 2488 453 2560 manipuli
461 2493 603 2560 tmmseque
615 2489 758 2552 astiterant,
773 2491 841 2548 aute·

20 2565 146 2644 positis'
158 2565 364 2637 propugnaculis,
390 2583 423 2619 ex
447 2567 503 2636 quis
528 2566 664 2637 catapultae
685 2564 841 2631 bullistaeque

21 2643 217 2704 tenderentur.
259 2641 371 2712 Reliqua
393 2641 464 2694 leous
488 2642 611 2695 classiarii
634 2639 711 2691 testis
734 2636 841 2686 nuribus

21 2718 201 2785 obtinebant.
238 2718 321 2788 Ripas
338 2719 374 2770 et
399 2715 476 2770 eolles
499 2716 552 2783 †ao
575 2711 701 2765 montium
724 2705 794 2756 edita
815 2706 864 2756 ina
