1862 2952
185 133 232 184 172
520 134 641 184 TAGITI

777 187 923 244 [soemo

183 242 255 308 didit,
273 243 352 298 trium
366 243 473 299 millium
489 244 557 300 frete
572 245 604 300 ab
620 245 743 300 extremis
758 241 923 310 sumentium

160 319 301 376 amentorii
310 318 457 390 dijunctam.
494 317 923 392 Solitudinemejusplacuisaanaxin

183 393 338 459 crediderim,
358 395 478 466 quoniam
498 397 683 467 importuosum
703 397 770 452 circa
788 413 850 458 mare
863 399 883 448 et
898 385 924 476 rb

182 469 287 526 modicis
302 471 411 543 navigiis
424 489 505 542 pauca
521 472 650 527 subsidia:
668 490 752 542 neque
767 470 870 543 appulerit
881 465 924 538 (ῙιιἸΙ

159 557 258 618 aquam
270 547 320 602 nisi
331 565 411 618 gnaro
423 547 536 603 custode.
573 548 636 603 Cati
647 549 782 620 temperies
796 549 863 602 hieme
873 523 924 606 uui

182 623 284 694 objectu
296 623 390 678 montis
402 642 453 694 qno
465 642 532 679 aava
549 629 685 679 ventorum
699 628 828 687 arcentur;
843 615 924 676 aaut

182 699 323 754 Favonium
335 699 448 764 obversa,
462 704 489 755 et
501 707 589 771 aperto
601 701 697 756 circum
708 700 795 772 pelago
808 691 925 770 pemmfflt

182 775 410 847 prospectabatque
421 776 619 846 pulcherrimum
631 777 723 841 sinum
739 770 890 846 antequunll

159 853 240 908 erius
255 870 328 906 mons
343 851 477 907 ardescens
494 851 585 907 faciem
602 853 652 907 loci
669 855 786 907 verteret.
819 850 913 932 esau·

182 929 302 994 tenuisse,
326 929 486 1000 Capreasque
509 929 624 984 Telebois
643 927 778 993 habitatas,
796 927 854 980 faura

158 1004 234 1060 used
245 1009 302 1059 tum
313 1004 429 1061 'liberius
442 1003 574 1060 duodecim
588 1004 705 1059 villarum
720 1002 853 1059 nominibus
866 1001 886 1054 et

181 1081 248 1136 libus
259 1081 395 1146 insederat,
409 1085 505 1152 quanto
516 1081 631 1135 intentus
643 1081 704 1136 olim
715 1079 824 1152 publicas
836 1075 863 1131 ad

182 1161 255 1212 tanto
279 1158 402 1213 occultior
424 1158 452 1212 in
474 1157 550 1212 luxus
574 1161 601 1212 et
621 1158 716 1212 rnatum
736 1157 815 1212 otium
830 1170 876 1208 reso

183 1233 308 1289 Manebat
331 1234 426 1305 quippe
449 1234 621 1304 suspicionum
642 1237 669 1288 et
690 1231 808 1288 credendi
827 1234 871 1284 mm
891 1225 908 1310 ’1

182 1327 258 1378 qnam
282 1310 396 1380 Sejanus,
418 1328 512 1381 augere
531 1310 608 1364 etiam
627 1309 656 1363 in
677 1308 742 1382 urbe
766 1311 854 1369 sueturs,

181 1384 302 1440 turbabat
325 1404 377 1440 non
398 1386 452 1457 jam
475 1386 581 1441 occultis
601 1385 743 1441 adversum·
755 1382 897 1456 Agrippinam

159 1463 311 1518 6Neronem
323 1463 429 1518 insidiis.
467 1464 536 1523 Quis
553 1463 654 1518 additus
668 1463 741 1518 miles
758 1456 889 1522 nrmtiosin

181 1543 232 1605 tus,
246 1544 334 1611 aperta
344 1543 449 1605 secreta,
462 1540 572 1595 velutin
583 1539 684 1594 annales
693 1537 817 1594 referebat
824 1558 832 1603 ;
847 1533 869 1588 ul

181 1617 346 1672 struebantur
361 1616 406 1688 qni
422 1620 555 1672 monerent
568 1616 704 1687 perfugere
722 1615 755 1670 ad
772 1609 892 1670 Gemma

181 1694 283 1760 arcitus,
308 1693 348 1748 vel
372 1693 533 1749 celeberrimo
563 1693 611 1747 fori
640 1692 750 1764 effigiem
778 1689 827 1746 divi
851 1689 872 1741 A

181 1770 306 1842 amplecti,
319 1770 492 1841 populumque
504 1787 534 1825 ao
545 1773 662 1824 senatum
678 1768 773 1823 auxilio
790 1787 805 1822 v
869 1804 874 1816 ·

181 1866 230 1919 qne
242 1851 328 1919 spreta
339 1847 371 1902 ab
382 1845 439 1912 illis,
452 1846 523 1901 velut
534 1849 660 1916 pararent,
673 1845 858 1917 objiciebantur.
926 1821 928 1838 ⁴

133 1934 171 1986 68
215 1924 293 1978 Junio
306 1923 398 1988 Silano,
412 1927 438 1978 et
451 1923 513 1978 Silio
530 1922 619 1977 Nerva
634 1922 781 1977 eomnlibus
798 1917 880 1975 fortun

106 2011 170 2094 *igi*
180 1999 332 2070 principium
348 1999 461 2064 incessit,
479 2002 563 2054 macto
580 1999 608 2053 in
624 2016 752 2054 carcerem
771 1994 859 2052 illustri

119 2110 140 2139 u.
149 2080 168 2140 u'.
180 2075 305 2139 Romano,
318 2076 386 2131 Titio
399 2075 500 2141 Sabino,
514 2075 547 2131 ob
559 2075 696 2130 anicitiam
711 2070 863 2130 Germanioi:

130 2149 161 2189 ²⁸·
178 2150 247 2204 enim
276 2151 395 2206 omiserat
424 2152 558 2223 conjugem
587 2151 731 2222 liberosque
754 2154 809 2220 ejus

180 2229 292 2281 sectator
304 2226 379 2292 domi,
393 2245 477 2282 caumes
489 2228 517 2282 in
527 2227 636 2299 publico,
649 2233 708 2298 post
720 2231 762 2281 tot
773 2225 870 2281 clientes

155 2313 259 2372 seoque
277 2302 345 2373 apud
362 2303 442 2358 bonos
462 2303 580 2358 medabus
601 2308 628 2359 et
648 2303 734 2376 grauis
752 2300 850 2373 iniquis.
878 2290 899 2347 Η

177 2377 296 2432 Latinius
316 2379 435 2444 Latiaris,
453 2380 561 2435 Porcius
583 2379 656 2444 Cato,
676 2379 788 2434 Potitius
810 2372 889 2432 Runa

177 2451 272 2520 Opsius
290 2457 402 2522 praetura
423 2455 507 2509 functi
528 2455 720 2526 aggrediuntur,
739 2452 852 2525 cupidine

176 2525 252 2589 latus,
276 2525 309 2580 ad
328 2544 404 2595 quem
422 2546 475 2582 non
496 2531 547 2584 nisi
566 2549 612 2601 per
628 2531 749 2602 Sejannm
766 2529 861 2590 nditns;
889 2593 894 2606 ι

153 2599 262 2668 SSejani
276 2601 394 2654 voluntas
411 2603 462 2656 nisi
477 2605 571 2660 scelere
589 2606 757 2677 querebatur.
794 2605 853 2660 eon

79 2681 141 2698 ⁴·
177 2674 243 2728 ‘uter
260 2673 330 2744 ipsos
346 2677 377 2728 ut
392 2674 512 2744 Latiaris,
531 2681 575 2749 qui
590 2681 691 2738 modico
707 2701 758 2737 usn
775 2679 884 2737 menna
926 2731 928 2768 p
