2030 3000
28 203 140 273 mm
223 160 299 210 TAC.
317 160 450 210 ANNAL.
466 161 539 211 xlv.
557 164 626 211 l-d.
778 163 825 210 ³0³

27 272 200 337 incalesceret,
213 271 316 326 offerret
333 289 360 326 se
376 271 468 344 sapius
485 272 635 338 temulento,
654 273 781 343 comptam

27 348 121 403 incesto
199 351 261 403 tam.
297 348 405 420 Jamque
420 348 514 404 lasciva
530 349 617 404 oscula
630 273 825 420 etmffiffli
834 358 850 405 ²

26 423 115 496 flagitii
237 425 242 436 '
287 421 613 510 ΝΜ,
631 425 752 480 Senecam
766 443 826 480 cou-

26 505 63 555 tra
79 493 224 556 muliebiee
312 500 371 556 brae
389 500 530 556 subsidium
548 518 564 555 a
583 500 677 556 femina
694 501 824 572 petivisse,

8 581 9 594 ¹
26 577 219 648 immissamque
227 577 312 632 Acten
373 581 447 642 rtam,
458 595 522 648 quc,
531 577 607 632 simul
616 595 663 632 suo
674 577 786 648 periculo
798 580 825 633 ct

25 653 129 708 miamin
140 652 256 708 Neronis
268 653 349 719 anxia,
362 653 472 710 detenet
490 653 666 724 pervulgatum
679 671 735 708 esse
746 654 826 709 inces-

26 733 78 784 tum
98 729 232 801 gloriante
251 733 341 795 matre,
365 747 414 785 nec
436 730 589 786 toleraturos
613 729 707 784 milites
725 729 826 800 profani

26 805 148 876 principis
169 804 311 876 imperium.
347 805 443 861 Fabius
460 805 585 861 Rusticus
605 823 658 860 nou
677 804 849 876 Agrippinen

26 883 68 938 scd
87 881 194 938 Neroni
212 883 328 953 cupitum
348 881 375 937 id
393 886 525 947 memoret,
543 879 831 969 qudam-newa

20 958 240 1090 Ψ.
276 955 327 1012 Sed
339 975 395 1028 qum
407 957 522 1024 Cluuius,
535 958 623 1012 eadem
635 961 713 1013 oeten
725 964 851 1028 qucquet

25 1052 55 1089 au
165 1031 307 1103 prodidere,
326 1037 353 1089 et
369 1034 437 1088 fama
453 1033 505 1089 buc
521 1033 634 1099 inclinat,
647 1051 694 1088 seu
709 1033 825 1104 concepit

26 1112 108 1166 animo
132 1113 239 1164 tautum
258 1109 424 1165 immanitatis
444 1110 594 1180 Agrippina,
615 1128 662 1164 seu
681 1108 825 1164 credibilior

26 1204 98 1244 novae
109 1185 228 1242 libidinis
239 1185 371 1240 medalio
386 1186 415 1240 in
426 1203 457 1240 ea
471 1186 527 1241 visa
542 1188 589 1251 est,
603 1203 659 1256 quc
670 1185 825 1257 puellaribus

27 1265 306 1349 aunisrspthcum
318 1261 417 1333 Lepido
429 1280 474 1333 spe
486 1261 665 1334 dominationis
680 1262 823 1332 admiserat,

8 1351 78 1410 span
98 1337 223 1410 cupidine
240 1337 776 1486 &We-pumilus
798 1344 825 1395 et

26 1413 259 1476 eremitaddomn
344 1413 618 1486 trumpatruinuptiis.
654 1416 741 1488 Igitur
752 1416 852 1476 Neruii

8 1495 107 1553 .vitarc
120 1493 236 1548 secretos
248 1491 304 1563 ejus
320 1509 479 1562 congressus,
499 1489 675 1547 abscedentem
692 1492 720 1547 in
735 1491 824 1548 hortos

26 1573 68 1626 aut
81 1568 261 1623 Tusculanum
276 1567 317 1623 vel
330 1567 462 1622 Antiatem
477 1567 505 1621 in
521 1585 610 1638 agrum
627 1567 738 1633 laudare,
756 1567 825 1638 quod

25 1647 107 1700 otium
119 1645 267 1699 lacesseret.
296 1643 438 1708 Postremo,
449 1642 594 1714 ubicunque
605 1643 749 1711 haberetur,
762 1656 848 1713 pra-2

24 1739 132 1792 gravem
154 1723 235 1785 ratus,
256 1719 399 1774 interficere
423 1719 565 1784 coustituit,
584 1719 708 1786 hacteuus
726 1711 826 1774 conffl-

24 1787 219 1862 tabffleneno
243 1813 276 1850 an
298 1797 367 1850 ferro
390 1795 505 1865 reique
528 1794 577 1849 alia
599 1795 632 1850 ri.
675 1795 848 1865 Placuitquec

22 1875 108 1942 primo
121 1889 265 1926 venenum:
285 1871 330 1927 sed
345 1872 413 1926 iuter
429 1871 517 1942 epulas
532 1870 655 1942 principis
673 1871 696 1925 ai
713 1870 824 1936 daretur,

21 1949 117 2004 referri
130 1947 165 2002 ad
176 1965 263 2002 casum
275 1965 326 2002 non
337 1949 439 2018 poterat
451 1946 497 2001 tali
513 1947 566 2017 jam
577 1946 719 2001 Britannici
731 1946 825 2013 exiti0;

21 2029 48 2080 ct
70 2023 210 2080 ministros
233 2027 334 2078 tentare
358 2022 465 2077 arduum
488 2022 623 2078 videbatur
643 2023 755 2078 mulieris
776 2041 824 2078 usu

21 2103 155 2156 scelerum
179 2099 300 2154 adversus
320 2098 425 2154 iusidias
443 2099 567 2165 intentca;
589 2099 834 2170 Μηνυ-

21 2197 32 2232 s
81 2175 154 2234 endo
165 2175 278 2231 remedia
291 2175 417 2231 munierat
433 2193 463 2230 co
576 2173 683 2230 Ferrum
700 2179 727 2231 et
743 2175 848 2231 cadesa

20 2193 536 2342 qiiffimcuffcculssaffiffidiib
560 2251 718 2322 reperiebat;
744 2256 771 2308 ct
791 2271 824 2308 ne

19 2349 80 2402 quus
87 2326 474 2458 Qelectue
488 2327 560 2397 jussa
575 2332 713 2397 sperneret,
726 2334 824 2385 metuc-

20 2408 93 2462 bant.
136 2405 240 2460 Obtulit
256 2422 316 2480 inge
343 2403 523 2458 umAnicetus
538 2402 653 2470 libertus,
666 2404 742 2461 classi
756 2405 846 2477 apud5

18 2485 160 2538 Misenum
181 2481 317 2552 prefectus
338 2483 365 2536 et
385 2481 501 2551 pucritiae
520 2481 632 2536 Neronis
653 2480 774 2537 educator
795 2501 824 2538 ac

18 2562 125 2614 mutuis
150 2557 216 2613 odiia
237 2557 386 2628 Agrippinae
406 2557 511 2612 invisus.
547 2558 618 2628 Ergo
638 2575 728 2612 navem
747 2570 847 2626 possed

18 2634 147 2707 componi
163 2633 246 2699 docet,
260 2633 333 2704 cujus
351 2651 409 2704 pars
427 2633 483 2702 ipso
500 2632 528 2686 in
544 2633 608 2688 mari
624 2651 670 2703 per
688 2637 768 2687 artem
784 2649 824 2687 so-

17 2714 75 2769 luta
93 2710 245 2769 effunderet
260 2709 382 2788 ignaram.
418 2707 492 2764 Nihil
503 2712 557 2764 tam
568 2726 648 2780 capax
659 2709 859 2786 [Qu-tow
