1960 2952
132 107 163 153 ³8
472 103 593 151 raom

781 162 942 210 auem

132 215 302 287 propinquare
314 171 385 270 siliis
396 214 508 269 monitos
520 213 599 269 vertit
617 214 736 284 repente:
756 229 817 266 mox
836 214 943 284 signum

132 293 313 364 prorumpendi
336 292 407 347 dedit
395 292 462 346 tiis
486 309 551 362 quos
575 310 621 362 per
644 290 725 345 saltus
754 289 942 345 occidtaverat

108 370 204 425 altine
221 388 288 424 nova
305 371 358 426 acie
376 369 496 424 turbatus
513 387 607 439 eques,
626 368 760 437 missoque
778 366 943 424 subsidiariae

131 447 257 511 cohortes,
271 450 298 501 et
314 446 469 518 fugientium
481 445 581 516 agmine
599 445 722 516 impulsae,
736 450 865 499 auxerant
882 464 943 502 orru-

131 525 313 579 sternationem
322 547 329 590 ;
348 523 569 594 trudebanturque
581 523 609 577 in
626 521 743 593 paludem
759 540 871 592 gnaram
887 523 943 578 vin·

44 619 53 639 ·
131 601 257 666 centibus,
274 602 388 672 iniquam
404 601 503 664 nesciis,
520 600 547 654 ni
564 600 651 655 Cesar
667 598 806 670 productas
822 599 943 672 legiones

86 678 303 734 'linstnrxisset
340 678 405 732 [nde
426 677 544 732 hostibus
567 682 658 742 terror,
680 676 773 732 fiducia
796 676 893 744 militi;
916 684 943 734 et

107 756 247 811 5manibus
266 756 345 826 equis
363 755 517 810 abscessum.
554 754 620 808 Mox
637 755 743 809 reducto
761 752 794 808 ad
811 755 944 810 Amisiam
975 801 976 820 ,

131 834 246 888 exercitu
265 833 378 904 legiones
399 832 486 897 classe,
508 835 539 886 nt
560 830 704 896 advexerat,
724 833 858 901 reportat3
880 851 942 904 pars
975 823 976 838 ¹

130 912 245 981 equitum
263 910 339 965 litore
357 910 453 965 Oceani
470 913 558 981 petere
576 908 696 964 Rhenum
712 908 799 979 jussa3
825 908 941 976 Caecina,

131 988 175 1058 qui
197 1005 272 1042 suum
293 986 400 1041 militem
418 986 536 1051 ducebat,
555 986 677 1050 monitus,
697 1003 844 1056 quanquam
870 989 941 1042 notis

130 1065 264 1120 itineribus
276 1064 462 1135 regrederetur,
475 1065 572 1119 Pontes
584 1063 674 1134 longos
691 1081 767 1134 quam
785 1067 941 1121 maturrime

106 1151 257 1212 osuperare.
294 1143 430 1213 Angrstus
454 1141 477 1196 is
501 1149 596 1195 trames
622 1148 706 1194 vastas
726 1139 795 1194 inter
817 1141 941 1211 paludes,

130 1222 157 1274 et
182 1218 309 1290 quondam
330 1237 347 1273 a
369 1219 401 1273 L.
412 1218 528 1273 Domitio
552 1222 705 1288 aggeratus3
730 1221 815 1272 cetera
838 1218 941 1280 limosa.

129 1296 230 1351 tenacia
253 1296 326 1367 gravi
349 1314 426 1360 ceno,
449 1298 495 1349 aut
518 1295 580 1350 rivis
604 1295 702 1349 ineerta
722 1296 810 1359 erant;
841 1297 942 1352 circum
968 1299 971 1309 '

129 1372 198 1428 silvae
220 1373 343 1443 paulatim
364 1373 479 1436 acclives,
500 1390 563 1442 quas
584 1374 642 1426 turn
660 1370 792 1424 Arminius
810 1370 940 1461 implevit,

129 1449 321 1538 compendiis
297 1453 435 1504 vurumet
450 1449 501 1503 cito
519 1448 620 1518 agmine
636 1452 757 1502 onustum
774 1448 885 1504 sarcinis
904 1470 941 1505 ar-

105 1526 227 1597 tmisque
247 1527 355 1581 militem
373 1545 432 1582 cum
450 1526 629 1584 antevenisset.
610 1525 782 1587 tCaecinae,
805 1523 942 1582 dubitanti

128 1622 238 1674 quonam
250 1604 326 1659 modo
343 1608 433 1674 ruptos
446 1607 521 1658 vetus
477 1607 576 1658 tustate
588 1607 680 1673 pontes
696 1605 833 1672 reponeret
852 1605 942 1659 simul·

128 1700 178 1753 que
195 1683 356 1753 propulsaret
374 1682 482 1746 hostem,
499 1675 554 1735 cast
556 1698 584 1734 ra
601 1683 654 1734 met
655 1680 693 1733 ari
710 1679 737 1732 in
755 1679 811 1734 loco
830 1681 941 1751 placuit,

127 1764 158 1814 ut
170 1778 242 1831 opus,
256 1763 283 1814 et
295 1759 338 1814 alii
350 1759 472 1830 pralium,
486 1758 635 1828 inciperent.

82 1835 120 1890 64
163 1837 278 1902 Barbari,
292 1837 450 1908 perfringere
463 1835 587 1890 stationes
600 1851 678 1903 seque
694 1833 788 1888 inferre
801 1835 942 1890 munitor-i

128 1914 176 1969 bus
194 1914 251 1978 nisi,
265 1915 401 1978 lacessunt,
415 1911 671 1983 circumgrediuntur,
689 1912 833 1965 occursant.
874 1911 942 1967 Mis

108 1996 202 2050 anatur
225 1992 386 2062 operantium
409 1990 608 2059 bellantiumque
633 1987 735 2042 clamor.
780 1987 816 2041 Et
842 1993 943 2044 cuncto

127 2069 224 2139 pariter
239 2069 363 2124 Romanis
380 2067 493 2133 adversa,
511 2068 583 2122 locus
599 2065 695 2136 uligine
713 2062 942 2134 protumidas

126 2146 160 2200 ad
180 2145 315 2235 gadum
308 2150 360 2200 rust
348 2145 441 2210 labilis,
464 2142 661 2215 procedentibus
683 2141 803 2206 lubricus,
827 2159 942 2212 corpora

126 2224 215 2294 gravis
226 2222 328 2288 loricis;
346 2240 429 2292 neque
446 2221 538 2276 librare
555 2219 629 2290 pila'
622 2222 662 2273 1nt
663 2237 690 2273 er
650 2217 787 2272 tundas
804 2222 940 2288 poterant.

104 2299 226 2358 econtra
246 2299 383 2354 Cheruscis
405 2303 479 2353 sueta
500 2296 568 2368 apud
588 2295 694 2366 paludes
712 2293 809 2366 proelia,
828 2313 941 2365 procera

127 2377 247 2441 membra,
266 2377 347 2430 haste
368 2376 485 2445 ingentes
504 2375 536 2428 ad
557 2373 663 2428 vulnera
683 2371 799 2428 facienda
816 2374 940 2442 quamvis

103 2452 223 2520 aprocul.
260 2452 322 2504 Nox
333 2451 436 2504 demum
455 2449 630 2504 inclinantes
621 2468 674 2520 Jarn
690 2449 803 2520 legiones
820 2449 940 2506 adverse

106 2541 222 2596 spugne
233 2526 335 2579 exemit.
373 2525 493 2579 Gennani
504 2525 537 2580 ob
548 2543 671 2596 prospera
686 2524 814 2588 indefessi,
828 2543 865 2580 ne
881 2531 941 2582 tum

129 2600 231 2669 quidem
249 2602 352 2667 sumpta
369 2600 461 2668 quiete,
480 2608 605 2670 quantum
623 2619 746 2672 aquarum
764 2601 864 2656 circum
883 2621 941 2658 sur·

129 2675 250 2746 gentibus
270 2673 340 2744 jugis
358 2674 451 2740 oritur,
473 2681 573 2731 vertere
593 2677 621 2733 in
641 2678 773 2750 subjects;
798 2695 940 2750 mersoque
