2026 2992
57 209 104 249 ω
119 209 143 250 n
249 141 253 150 ’
275 147 473 196 ANNALIUM
492 147 535 196 Vl.
549 150 619 196 2-5.
802 149 848 198 1⁸5

57 257 123 314 dolus
145 209 177 314 d
188 257 286 314 Caesari
309 263 449 330 pararetur.
487 260 565 320 Quod
585 263 720 332 postquam
738 259 871 330 patefacc

57 339 113 402 tum,
126 354 267 408 prorupere
279 341 401 408 concepta
413 337 510 408 pridem
519 337 591 404 odia;
610 342 637 392 et
649 355 776 392 summum
788 355 847 408 sup·

55 411 151 482 pluium
164 411 357 478 decernebatur,
373 414 401 468 ui
416 414 547 485 professus
562 414 683 470 iudicium
695 413 769 468 soret.
807 410 875 470 Ut4

54 507 109 544 raro
131 489 266 544 Latinium
288 489 419 546 Latiarem
442 491 572 562 ingressus
593 494 641 556 est,
660 494 793 546 accusator
816 509 846 546 ac

52 583 107 620 reus
116 566 193 636 juxta
204 565 280 620 invisi
289 567 463 638 gratissimum
475 567 649 640 spectaculum
658 567 843 638 praebebantur.

51 642 167 708 latiaris,
192 646 223 697 ut
250 643 347 708 rettuli,
375 645 518 715 precipuus
546 645 606 700 olim
632 644 845 700 circumveniendi

51 717 110 774 'litii
122 718 210 774 Sabini
227 723 254 774 et
272 723 336 775 tuuc
351 719 450 775 luendae
465 739 546 792 poeuae
561 721 658 792 primus
676 721 734 776 fuit.
770 722 868 776 lutera

50 814 105 866 quie
127 796 253 851 Haterius
276 796 392 868 Agrippa
409 797 526 853 consules
550 797 609 852 euni
626 798 717 868 prioris
741 798 841 864 invasit,

49 889 94 926 cur
115 877 207 928 mutua
227 873 388 929 accusatione
405 874 505 928 intenta
522 892 590 929 nunc
608 874 727 930 silerent:
745 879 843 929 metum

49 967 150 1019 pmrsas
174 953 201 1004 et
219 949 321 1004 noxiam
338 951 499 1005 conscientie
516 968 563 1022 pro
581 949 675 1006 ioedcrc
693 950 797 1016 haberi,
815 955 842 1006 at

47 1043 98 1080 uon
108 1025 225 1096 patribus
237 1025 367 1082 reticenda
383 1045 440 1098 qum
456 1026 620 1082 audivissent.
657 1027 773 1099 Regulus
791 1039 865 1085 maa-8

46 1121 105 1157 uere
125 1108 228 1173 tempus
246 1103 359 1168 ultionis,
379 1122 457 1174 seque
475 1122 561 1158 eoram
584 1103 697 1174 principe
721 1108 840 1159 executu-

46 1199 100 1233 rum
106 1199 116 1241 3
135 1180 197 1234 'Ibio
209 1179 395 1235 emulationem
406 1181 474 1236 iuter
483 1180 600 1252 collegas,
613 1184 640 1235 et
652 1181 675 1235 si
686 1200 736 1252 qua
748 1180 840 1236 discor·

45 1257 88 1311 des
109 1253 241 1329 jecissent,
268 1257 359 1313 melius
383 1257 525 1313 oblitterari
548 1257 686 1328 respoudit.
723 1258 865 1331 Urgentes

44 1334 160 1405 Agrippa
178 1334 332 1405 Sanquinius
356 1334 493 1400 Maximus,
513 1353 528 1390 e
551 1334 732 1400 consularibus,
758 1338 840 1392 oravit

44 1415 161 1466 sanatum
173 1429 207 1466 ne
219 1430 293 1467 ouras
309 1411 468 1483 imperatoris
487 1413 636 1482 conquisitis
652 1413 757 1484 iusuper
773 1432 838 1470 accr-

45 1487 167 1544 bitatibus
180 1491 320 1560 augerent:
340 1489 453 1544 sufficere
464 1488 548 1560 ipsum
557 1489 700 1544 statuendis
712 1491 836 1546 remediis.

44 1565 83 1620 Sic
95 1565 201 1637 Regulo
213 1565 282 1620 salus
300 1569 326 1620 et
342 1565 429 1620 Trioni
441 1565 529 1621 dilatio
545 1566 617 1621 exitii
634 1567 746 1637 quaesita.
783 1569 861 1626 lla-6

42 1643 120 1697 terius
137 1643 246 1696 invisior
261 1642 320 1707 fuit,
342 1642 402 1712 quia
417 1661 506 1698 somno
524 1647 569 1697 aut
587 1643 727 1698 libidinosis
745 1644 837 1716 vigiliis

43 1719 177 1784 marcidus,
191 1722 219 1774 et
231 1718 264 1774 ob
280 1719 414 1790 segnitiam
430 1719 545 1789 quamvis
557 1719 685 1774 crudelem
698 1720 837 1792 principem

40 1813 89 1850 uon
106 1799 237 1860 metuens,
256 1794 398 1850 illustribus
415 1796 476 1850 viris
493 1796 630 1866 perniciem
646 1797 714 1851 inter
731 1815 837 1868 ganeam

38 1890 66 1926 ac
78 1877 173 1944 stupra
184 1871 363 1926 meditabatur.

70 1949 143 2004 Exin
162 1949 242 2004 Cotta
258 1948 420 2012 Messalinus,
434 1948 578 2003 sevissimae
595 1949 717 2020 cujusque
735 1955 862 2010 senten-5

35 2027 77 2080 tiae
89 2033 185 2082 auctor
197 2043 278 2094 eoque
290 2025 432 2080 inveterata
442 2025 544 2090 invidia,
552 2025 597 2080 ubi
608 2027 716 2097 primum
727 2027 835 2084 facultas

36 2101 101 2167 data,
122 2102 245 2174 arguitur
269 2101 403 2172 pleraque:
429 2102 458 2156 O.
477 2103 610 2168 Gaesarem,
636 2105 709 2174 quasi
732 2105 836 2162 incesta

34 2179 174 2244 virilitatis,
189 2182 217 2234 et
234 2196 292 2233 cum
310 2177 350 2232 die
366 2178 445 2232 natali
462 2181 588 2250 Augusta
605 2180 672 2235 iuter
691 2182 835 2238 sacerdotes

34 2256 192 2325 epularetur,
211 2254 386 2311 novendialem
404 2273 459 2310 earu
475 2274 571 2311 otenam
587 2256 696 2324 dirisse;
716 2278 835 2328 querens-

33 2350 80 2400 que
92 2333 127 2388 de
141 2332 261 2404 potentia
277 2332 316 2386 M.
328 2331 422 2402 Lepidi
438 2351 467 2388 ao
485 2333 517 2388 L.
530 2333 654 2399 Arruntii,
668 2352 726 2390 cum
743 2337 835 2407 quibus

32 2409 62 2464 ob
79 2429 138 2466 rem
158 2409 333 2482 pecuniariam
350 2409 514 2481 disceptabat,
534 2409 667 2475 addidisse,
682 2413 769 2467 “Illos
782 2415 836 2484 qui·

32 2485 86 2542 dem
111 2491 232 2551 senatus,
258 2504 302 2540 me
326 2489 413 2540 autern
433 2487 549 2542 tuebitur
569 2487 711 2542 Tiberiolus
735 2491 833 2544 meus.''

31 2561 124 2635 Neque
156 2567 253 2619 cuncta
280 2581 296 2617 a
318 2561 472 2633 primoribus
502 2563 612 2618 civitatis
640 2564 858 2631 revincebatur32

31 2639 110 2711 iisque
137 2639 300 2696 instantibus
324 2637 358 2694 ad
380 2639 559 2710 imperatorem
581 2641 737 2710 provocavit.
776 2641 833 2696 Nec

31 2717 109 2774 multo
128 2721 194 2790 poet
210 2717 306 2773 litterar
322 2715 472 2782 afferuntur,
485 2715 578 2787 quibus
589 2715 617 2770 in
628 2715 731 2769 modum
748 2715 832 2770 defeu-
