1936 2968
9 207 11 222 Ι
229 152 427 202 ANNALIUM
444 153 514 204 xlv.
532 157 633 205 86-40.
782 158 828 206 828

41 214 524 328 &illamentatum
534 265 706 338 aaronem
715 267 855 336 eneae

36 345 90 396 seut
100 340 156 396 nisi
167 337 347 394 succederetur
364 340 493 406 Suetonio,
506 341 580 412 cujus
595 341 701 397 adversa
711 342 832 413 pravitati

35 415 600 550 nucariense-lunen
611 417 709 549 eiu
718 416 831 566 sin
840 427 879 482 ³⁹

34 576 82 636 tus,
105 587 203 641 magna
225 569 337 624 Neronia
361 587 406 640 spe
429 589 504 641 posse
528 572 681 626 auctoritate
704 573 760 643 ejus
781 589 833 627 non

34 647 107 702 nodo
119 647 191 700 iuter
201 645 315 716 legatum
330 651 569 720 procuratoremque
580 647 740 703 concordiam
752 648 831 719 gigni,

35 723 75 777 sed
88 725 116 777 et
130 721 238 776 rebelles
252 721 416 776 barbarorum
428 724 524 778 animos
540 741 602 794 pace
614 724 739 793 componi.
775 724 856 780 Nece

34 798 115 854 defuit
129 796 272 870 Polyclitus
285 815 336 867 quo
347 798 439 864 minus,
456 800 556 871 ingenti
567 800 667 872 agmine
679 799 761 855 Italics
774 799 833 856 Gal·

34 873 125 946 liaque
144 873 238 944 gravis,
252 877 388 944 postquem
404 875 533 930 Oceanum
549 875 732 942 transmineret,
748 876 834 931 militi·

34 951 79 1006 bus
100 967 207 1022 quoqne
225 950 320 1004 uostris
337 950 458 1005 terribilis
474 951 610 1006 incederet.
647 951 698 1006 Sed
716 951 856 1010 hostibusa

32 1027 120 1082 irrisui
143 1025 204 1090 fuit,
227 1023 295 1094 apud
314 1043 379 1095 quos
398 1027 521 1097 flagrante
542 1028 619 1082 etiam
639 1030 696 1080 tum
715 1027 832 1083 libertate

32 1103 148 1157 nondum
170 1101 274 1171 cognita
290 1099 465 1156 libertinorum
482 1103 597 1173 potentia
619 1106 691 1168 erat;
709 1103 833 1158 miraban-

31 1183 128 1250 turque
152 1176 223 1248 quod
243 1176 296 1230 dux
318 1180 345 1231 et
366 1179 503 1243 exercitus,
524 1179 593 1233 tanti
613 1177 674 1233 belli
694 1178 831 1244 confector,

31 1255 145 1311 meinis
164 1251 305 1307 obedirent.
341 1251 442 1308 Cuncta
458 1257 544 1310 tamen
562 1254 595 1309 ad
611 1254 789 1324 imperatorem
805 1255 857 1310 ins

29 1333 134 1388 mallim
146 1328 247 1394 relata;
265 1328 437 1400 detentusque
452 1330 529 1385 rebus
545 1330 667 1402 gerundis
685 1331 831 1396 Suetonius,

30 1408 101 1479 qued
120 1408 185 1478 post
203 1422 297 1475 paucas
316 1423 393 1460 nares
412 1407 440 1460 iu
458 1406 532 1462 litore
552 1407 736 1479 remigiumque
754 1407 782 1461 in
801 1407 833 1461 iis

29 1485 163 1546 amiserat,
188 1484 312 1551 tanquam
335 1481 443 1538 durante
466 1482 540 1548 bello,
565 1482 666 1538 tradere
689 1483 833 1538 exercitum

28 1559 159 1616 Petronio
173 1557 326 1628 mquisno,
339 1558 384 1628 qui
392 1558 445 1629 jam
457 1559 592 1614 consulatu
603 1559 707 1624 abierat,
717 1558 832 1630 jubetur.

28 1637 57 1692 Is
69 1653 128 1692 uon
139 1634 244 1722 irritato
253 1633 337 1722 besto,
354 1652 437 1722 neque
452 1635 593 1700 lacessitus,
611 1635 747 1690 honestum
763 1634 834 1706 pacis

26 1712 490 1858 mffiffitilitbiubbsiibiguia
510 1787 613 1852 scelera,
633 1787 741 1842 alterum
764 1785 881 1843 senc-40

25 1867 107 1930 toris,
122 1861 214 1918 servili
229 1862 337 1916 alterum
353 1863 464 1928 audacia,
478 1863 587 1918 admissa
599 1868 667 1919 sunt.
704 1864 834 1920 Domitius

23 1942 134 1998 Balbus
155 1941 211 1992 erat
228 1938 370 2008 praetorius,
388 1939 463 1994 simul
480 1940 557 2011 longa
576 1944 685 2008 senecta,
698 1941 774 1995 simul
794 1958 835 1996 or·

23 2020 118 2075 bitcte
143 2017 172 2069 et
195 2014 302 2083 pecunie
324 2014 422 2070 insidiis
446 2016 578 2071 obnoxius.
622 2017 656 2072 ui
678 2017 858 2088 propinquum

23 2092 159 2150 Valerius
177 2089 312 2154 Fabianus,
337 2092 496 2161 capessendis
520 2091 660 2147 honoribus
684 2091 835 2158 destinatus,

22 2167 156 2230 subdidit
171 2170 361 2234 testamentum,
380 2168 466 2223 escitis
478 2169 580 2223 Vinicio
598 2169 694 2224 Rufino
705 2174 732 2224 et
744 2171 837 2225 Teren·

22 2249 69 2304 tio
83 2243 203 2301 Lentino
213 2243 341 2313 equitibus
351 2245 482 2300 Romanis.
519 2245 563 2300 Illi
571 2246 711 2300 Antonium
722 2247 859 2302 Primumss

21 2329 56 2382 et
79 2319 205 2377 Asinium
221 2319 372 2373 Marcellum
388 2321 553 2375 sociaverant.
590 2321 718 2377 Antonius
734 2321 838 2377 audacia

20 2399 184 2474 promptus,
197 2395 334 2449 Marcellus
346 2396 435 2450 Asinio
451 2395 566 2450 Pollione
582 2415 675 2468 proavo
692 2399 782 2462 clarus,
794 2413 839 2450 ne-

19 2493 87 2550 que
104 2489 209 2528 morum
225 2470 381 2542 spernendus
397 2472 545 2540 habebatur,
560 2473 611 2528 nisi
627 2474 695 2544 quod
705 2475 838 2545 paupertas

20 2561 95 2610 tem
108 2548 277 2618 praecipuum
301 2545 426 2603 malorum
444 2548 571 2603 credebat.
608 2549 694 2620 Igitur
710 2548 861 2602 sabianus*

19 2625 144 2686 tabulas
166 2624 199 2678 iis
222 2625 444 2693 qnos‘memoravi
467 2627 494 2678 et
516 2624 571 2678 aliis
592 2625 677 2676 miuus
697 2619 839 2674 illustribus

19 2704 170 2774 obsignat.
208 2699 286 2761 Quod
303 2699 370 2770 apud
388 2704 473 2772 patres
492 2700 652 2759 convictum
670 2700 697 2748 et
712 2693 862 2746 Fabianusfi
