2026 2992
244 145 441 194 ANNALIUM
460 145 510 196 111.
523 149 627 197 56-—dl-
792 153 837 201 125

31 207 234 312 irlibisiiiiaximi
246 258 400 312 sententiam
412 259 595 329 opperirentur.
620 261 744 328 liberius,
759 263 858 318 dinem

31 335 139 389 notione
153 334 187 388 de
196 335 257 405 jure
269 334 388 399 flaminia
399 334 514 392 decretas
527 338 561 393 ub
579 340 738 397 tribunitiam
756 341 836 396 Drusi

29 416 192 481 potestatem
205 410 362 466 carimonias
381 413 539 482 temperavit,
556 415 705 472 nominatim
726 435 835 487 arguens

28 488 198 542 insolentiam
213 487 346 542 sententie
360 505 500 558 aureasque
511 490 610 546 litteras
621 497 712 549 eontra
723 493 834 564 patrium

28 582 137 618 morem.
190 563 318 618 Recitator
342 567 369 618 et
393 563 472 620 Drusi
495 567 616 637 epistola,
638 587 780 641 quanquam
802 569 856 624 adt

25 640 187 695 modestiam
204 640 285 705 denae,
302 658 349 711 pro
366 640 552 709 superbissimis
570 647 737 716 accipiuntur.
773 647 835 702 Huc

24 717 160 772 decidisse
182 721 283 782 cuncta,
304 723 334 771 ut
352 735 385 772 ne
406 718 506 787 juvenis
526 721 627 791 quidem
646 727 720 778 tanto
739 721 834 778 honore

24 798 140 864 accepto
160 792 243 848 adiret
261 791 333 848 urbis
352 792 420 858 deos,
439 794 616 866 ingrederetur
633 803 756 864 senatuum,
774 817 832 854 aus·

22 872 100 941 picis
124 869 220 925 saltem
243 869 340 940 gentile
361 870 429 940 apud
452 872 533 926 solum
552 875 682 946 inciperet.
730 877 856 932 Bellum

22 948 141 1012 scilicet,
165 951 214 1002 aut
230 945 332 1001 diverso
348 951 474 1002 terrarum
489 948 611 1019 distinam,
629 952 704 1007 litora
716 957 743 1008 et
761 953 830 1008 lacus

24 1023 181 1094 campanie
201 1041 260 1078 cum
279 1023 387 1078 manime
405 1031 588 1096 peragrantem.
626 1029 667 1084 Sic
683 1029 762 1086 imbui
778 1038 854 1086 rect

22 1107 119 1167 torem,
132 1101 237 1172 generis
255 1099 375 1165 humani;
394 1100 421 1154 id
438 1102 547 1171 primum
564 1123 578 1158 e
593 1105 704 1174 paternis
719 1107 829 1162 consiliis

25 1177 139 1232 discere.
178 1177 246 1232 Saue
264 1180 415 1248 gravaretur
432 1186 564 1248 aspertum
582 1182 674 1236 civium
691 1201 767 1238 senex
783 1184 854 1238 ira-6

24 1258 145 1324 perator,
161 1254 310 1324 fessamque
327 1257 430 1310 aetatem
445 1258 472 1310 et
489 1260 559 1310 actos
576 1257 674 1312 labores
692 1260 830 1330 pretende·

27 1335 87 1386 ret:
106 1331 198 1386 Dmso
210 1329 279 1400 quod
292 1331 384 1386 nisiex
397 1335 541 1403 arrogantia
551 1333 777 1404 impedimentum?

68 1406 119 1462 Sed
133 1407 253 1462 'liberius
265 1408 316 1462 rim
328 1407 485 1478 principatum
502 1409 550 1466 sibi
568 1411 677 1476 fimuaus,
695 1412 828 1484 imaginem
840 1412 877 1465 60

29 1483 198 1556 antiquitatis
219 1484 322 1538 senatui
341 1485 477 1554 prebebat,
499 1487 628 1556 postulata
645 1489 829 1558 provinciarum

30 1560 279 1632 addisquisitionem
288 1565 390 1632 patrum
402 1562 533 1618 mittendo.
570 1563 751 1621 crebrescebat
764 1567 854 1622 anima

31 1637 135 1693 Graecas
148 1655 197 1708 per
208 1636 287 1692 urbes
299 1637 402 1692 licentia
418 1642 494 1708 atque
510 1639 647 1710 impunitas
665 1642 734 1712 asyla
750 1646 831 1697 statu·

31 1714 105 1780 endi;
131 1713 330 1783 complebantur
346 1714 442 1784 templa
456 1716 572 1785 pessimis
589 1717 765 1782 servitiorum
790 1736 831 1772 eo-

31 1790 88 1845 dem
107 1790 227 1846 subsidio
243 1790 349 1846 oberati
365 1790 497 1846 adversum
509 1793 655 1858 creditores,
669 1794 831 1864 suspectique

31 1867 183 1937 capitalium
200 1867 345 1932 criminum
357 1868 560 1937 receptabantur.
597 1870 654 1925 Nec
671 1869 751 1926 ullum
768 1871 855 1926 satisa

30 1944 145 1998 validum
165 1943 304 2013 imperium
322 1949 377 1997 erat
393 1945 537 2000 coercendis
554 1945 720 2002 seditionibus
737 1947 830 2019 populi,

28 2021 130 2092 flagitia
141 2020 278 2074 hominum
289 2024 320 2074 ut
332 2020 487 2076 eemmomas
496 2021 572 2077 deum
584 2027 750 2094 protegentis.
780 2027 830 2098 Igi-
841 2033 857 2077 s

28 2101 72 2152 tur
84 2097 216 2167 placitum
228 2102 258 2150 nt
275 2096 409 2152 mitterent
424 2097 540 2154 ciuitates
556 2099 616 2170 jura
631 2107 708 2171 atque
724 2102 829 2174 legatos.

27 2175 64 2228 Et
77 2172 209 2244 quasdam,
229 2172 298 2243 qnod
310 2173 373 2228 falso
389 2179 581 2244 usurpaverant,
599 2183 689 2247 sponte
707 2180 813 2234 omisere
824 2196 854 2244 ;5

27 2250 119 2304 multae
131 2249 247 2304 vetustis
259 2249 483 2318 superstitionibus
496 2256 541 2306 aut
555 2253 652 2308 meritis
667 2254 694 2310 in
709 2256 831 2326 populum

28 2327 182 2382 Romanum
201 2324 322 2381 fidebant.
357 2326 504 2396 Magnaque
522 2329 577 2399 ejus
592 2328 643 2384 diei
658 2332 755 2401 species
773 2334 856 2397 tuito

31 2422 81 2474 quo
94 2406 206 2458 senatus
219 2403 344 2475 majorum
355 2401 482 2468 beneficia,
500 2405 626 2460 sociorum
641 2412 723 2476 pacta,
742 2427 832 2479 regum

32 2481 111 2534 etiam
133 2479 181 2550 qui
201 2483 262 2534 aute
283 2479 335 2534 rim
354 2480 497 2534 Romanam
516 2481 647 2537 valuerant
667 2483 776 2548 decreta,
797 2486 832 2554 ip-

33 2573 175 2626 sorumque
195 2556 329 2610 numinum
353 2555 488 2624 religiones
512 2557 672 2626 introspexit,
694 2559 780 2622 libero,
802 2564 833 2612 ut

35 2631 173 2700 quondam,
200 2630 262 2700 qnid
286 2630 398 2684 limmat
422 2635 573 2686 mutaretve.
618 2633 699 2686 Primi
722 2634 878 2686 omniumtll

35 2705 142 2776 Ephesii
164 2704 259 2770 adiere,
281 2708 452 2758 memorantes
470 2723 529 2768 non,
549 2709 580 2760 ut
599 2707 691 2775 vulgus
712 2707 833 2768 crederet,
