1960 2952
156 99 188 147 26
494 97 615 148 Tnclrr

797 161 834 208 [.A
842 161 873 200 ῦ.
882 162 906 202 (ι
917 161 959 204 ιιι

108 208 148 266 42
193 161 959 297 “Nonnihiuxorantfiliuspstreetrepulrlimemimu

154 287 234 340 sunt.
251 283 381 338 sedilum
392 283 495 354 quidem
505 303 554 340 sna
567 285 718 356 majestas,
709 285 845 355 nuperinm
862 287 960 342 Roma

131 374 218 422 anum
235 360 315 415 ceteri
331 361 426 416 exercit
427 379 457 416 us
415 360 620 416 ttdefenden.
657 361 799 432 Gcnjugem
816 366 844 417 et
862 363 959 418 liberos

154 455 233 501 meos,
246 455 310 507 quos
322 454 368 506 pro
380 436 461 507 gloria
471 441 558 492 vestra
568 437 650 492 libens
662 437 695 492 ad
706 437 814 492 exitium
828 439 958 502 offerrem,

154 530 223 568 nuno
237 512 326 582 procul
342 531 358 568 a
372 512 517 568 furentibus
533 517 732 578 summoveant
747 513 876 584 quidquid
893 515 959 570 istuc

153 588 255 643 sceleris
267 587 390 653 imminet,
402 606 459 643 meo
471 592 573 644 tantum
585 589 709 660 sanguine
726 589 819 659 pietur,
832 607 904 645 neve
921 608 959 644 oc

153 665 221 719 oisus
242 663 361 792 Augusti
373 681 506 794 pronepos,
528 663 664 720 interfecte
681 664 777 720 Tiberii
800 682 895 730 nurus,
916 683 959 720 no-

129 739 279 795 tcentiores
290 757 336 794 vos
348 739 433 794 iaciat.
470 739 542 798 Quid
553 740 620 794 enim
638 759 684 810 per
701 741 748 794 hos
765 739 844 796 dies'
837 759 958 796 mausum

126 815 288 870 tintcmerat
288 834 364 870 umve
375 815 469 870 vobis?
457 815 566 874 ternod
583 833 676 871 nomen
693 816 753 871 huic
769 817 850 870 ooetui
869 816 977 874 dabo?

151 894 225 946 Milit
193 895 279 946 arem
302 890 432 961 appellem,
452 891 497 960 qni
513 890 593 946 filium
610 891 771 961 imperatoris
788 893 873 948 vestri
893 893 977 974 valch

151 975 179 1024 et
195 966 272 1022 armis
290 966 473 1022 circumsedist'
454 970 496 1031 t,1s
513 985 546 1020 an
563 969 634 1030 cioca
653 967 746 1038 quibus
769 971 824 1022 tam
840 941 977 1040 projecte

152 1049 256 1100 senatus
269 1043 406 1098 auctoritas
414 1043 426 1097 l
444 1043 569 1098 Hostium
585 1061 686 1115 qnoque
695 1044 738 1115 jus
754 1047 782 1098 et
799 1062 876 1100 secra
892 1045 958 1117 legu-

128 1120 229 1176 5tienis
245 1123 272 1174 et
284 1119 323 1174 fas
335 1119 451 1189 gentium
462 1119 576 1189 rupistis.
613 1120 695 1175 Divus
704 1121 722 1174 J
722 1120 789 1176 ulrus
802 1113 977 1178 seditionem
976 1149 977 1190 J

151 1196 247 1252 exercit
249 1214 279 1250 us
235 1194 374 1250 tverbo
397 1213 448 1249 uno
464 1196 628 1265 compescuit,
649 1197 761 1256 Quirites
776 1198 899 1253 vocando
917 1216 958 1270 qm
975 1217 977 1268 J

151 1275 293 1330 sacrament
294 1291 337 1326 um
349 1271 404 1342 ejus
417 1271 460 1326 det
448 1271 601 1328 tractabant.
636 1273 719 1328 Divus
732 1273 872 1344 Augustus
886 1276 958 1330 vultu

152 1353 179 1406 et
188 1352 294 1419 aspectu
301 1347 419 1403 Actiacas
430 1346 543 1419 legiones
556 1348 688 1406 exterruit.
725 1348 789 1414 Nos,
801 1352 834 1403 ut
842 1351 958 1408 nondun

99 1441 101 1448 ’
152 1425 261 1491 eosdem,
274 1425 312 1480 ita
324 1443 356 1480 ex
367 1424 417 1480 illis
430 1429 501 1482 ortes
513 1425 536 1480 si
547 1425 680 1495 Hispaniae
697 1425 807 1495 SJriaeve
827 1426 906 1482 miles
923 1437 977 1482 ass

128 1512 143 1560 6
152 1505 310 1574 pernaretm,
326 1505 413 1557 tamen
431 1502 524 1557 mirum
539 1505 567 1558 et
584 1501 717 1572 indignum
735 1505 799 1556 erat.
837 1502 956 1561 Primam

152 1579 317 1634 etvicesima
337 1578 457 1666 legiones,
479 1578 523 1634 ille
541 1578 621 1666 signis
636 1596 651 1632 a
667 1577 768 1633 Tiberio
787 1579 915 1666 acceptis,
932 1584 957 1634 ιι

152 1658 193 1712 t
210 1655 354 1726 praeliorum
366 1654 489 1720 sociae
461 1657 489 1710 to
489 1657 501 1709 t
519 1654 629 1724 praemiis
646 1657 729 1719 aneta,
748 1655 882 1725 egregiam
903 1655 956 1714 duci
976 1701 977 1720 2

130 1735 238 1790 tvestro
250 1731 359 1802 gratiam
371 1730 492 1786 refertis?
510 1731 590 1786 Hunc
602 1749 650 1801 ego
668 1730 788 1785 nuntium
806 1732 888 1800 petri,
901 1737 957 1788 lietu
976 1729 977 1808 ι

151 1808 235 1864 omnia
247 1807 303 1862 aliis
315 1825 330 1862 e
342 1805 477 1877 provinciis
490 1805 611 1871 audienti,
625 1805 725 1862 feram?
744 1805 831 1894 Ipsius
850 1807 977 1891 tirones¹

151 1883 232 1954 ipsius
251 1887 385 1938 veteranos
406 1901 458 1938 non
481 1882 609 1947 missione,
632 1900 684 1938 non
702 1883 811 1952 pecunie
832 1878 977 1958 satiatem}

151 1959 223 2014 hiet
211 1963 313 2014 tantum
330 1959 439 2014 interfici
461 1959 631 2030 centuriones,
650 1959 709 2030 eJioi
731 1958 859 2024 tribunos,
880 1947 977 2030 melu-l

152 2035 179 2090 di
202 2036 308 2108 legatos,
332 2036 428 2092 inlecta
450 2036 574 2108 sanguine
595 2038 685 2100 eastra,
711 2034 831 2100 flumina;
864 2055 953 2108 meque
975 2067 977 2110 J

103 2124 143 2179 43
152 2113 291 2183 precariam
311 2113 419 2168 animam
443 2112 512 2168 inter
535 2112 647 2168 infensos
668 2111 777 2166 trahere.
813 2111 870 2166 Gur
891 2111 977 2170 euin*

152 2191 233 2262 primo
257 2191 385 2248 concionis
408 2190 570 2247 dioscurum
593 2189 664 2255 ifluu
689 2188 757 2260 quod
781 2191 884 2259 pectori
901 2209 977 2246 meo
976 2211 977 2216 “

151 2267 256 2339 infigere
277 2267 403 2338 parabam,
417 2267 460 2322 det
448 2266 572 2332 traxistis,
590 2265 766 2336 Oimproridi
789 2265 882 2321 amicit
903 2268 977 2338 NeJ

128 2343 249 2400 elinset
237 2345 397 2400 tamantius
418 2344 461 2398 ille
482 2363 532 2414 qm
519 2343 655 2413 gladium
674 2342 803 2398 offerebat
844 2343 977 2430 CecidisJ
976 2319 977 2378 l

152 2437 206 2473 sem
225 2423 295 2474 certe
313 2419 427 2474 nondum
446 2423 488 2473 tot
506 2419 587 2508 fingit
580 2437 662 2474 rorum
680 2418 805 2474 exercitui
822 2437 882 2474 meo
899 2379 977 2478 conl

152 2495 235 2560 scius;
254 2494 380 2565 legissetis
397 2495 495 2560 ducem,
509 2496 553 2566 qui
570 2513 653 2550 meam
670 2495 772 2566 quidem
788 2498 919 2552 mortem
911 2515 977 2552 ιιι

152 2570 268 2638 punitam
284 2570 386 2636 sineret,
402 2571 467 2626 Vari
484 2575 571 2628 tamen
587 2576 615 2626 et
630 2571 709 2628 trium
729 2570 861 2643 legionum
880 2573 977 2630 ulcis

129 2651 261 2705 sectetur.
306 2646 399 2716 Neque
420 2647 487 2702 enim
507 2647 572 2703 di
552 2650 638 2704 sinant
658 2653 689 2704 ut
706 2649 855 2722 Belgarum,
877 2669 977 2722 quare
