<?xml version="1.0" encoding="UTF-8"?>
<!DOCTYPE html PUBLIC "-//W3C//DTD XHTML 1.0 Transitional//EN"
    "http://www.w3.org/TR/xhtml1/DTD/xhtml1-transitional.dtd">
<html xmlns="http://www.w3.org/1999/xhtml" xml:lang="en" lang="en">
 <head>
  <title>
</title>
<meta http-equiv="Content-Type" content="text/html;charset=utf-8" />
  <meta name='ocr-system' content='tesseract 3.04.00' />
  <meta name='ocr-capabilities' content='ocr_page ocr_carea ocr_par ocr_line ocrx_word'/>
</head>
<body>
  <div class='ocr_page' id='page_1' title='image "./opera04tacigoog_0253.png"; bbox 0 0 1860 2956; ppageno 0'>
   <div class='ocr_carea' id='block_1_1' title="bbox 107 85 892 195">
    <p class='ocr_par' dir='ltr' id='par_1_1' title="bbox 107 85 892 195">
     <span class='ocr_line' id='line_1_1' title="bbox 107 85 563 137; baseline -0.009 0"><span class='ocrx_word' id='word_1_1' title='bbox 107 90 157 137; x_wconf 72' lang='lat'>244</span> <span class='ocrx_word' id='word_1_2' title='bbox 443 85 563 134; x_wconf 76' lang='lat' dir='ltr'><strong>TACITI</strong></span> 
     </span>
     <span class='ocr_line' id='line_1_2' title="bbox 688 145 892 195; baseline -0.01 -9"><span class='ocrx_word' id='word_1_3' title='bbox 688 147 723 195; x_wconf 73' lang='grc' dir='ltr'>[Δ.</span> <span class='ocrx_word' id='word_1_4' title='bbox 733 147 761 187; x_wconf 87' lang='lat' dir='ltr'>U.</span> <span class='ocrx_word' id='word_1_5' title='bbox 769 148 792 187; x_wconf 76' lang='lat' dir='ltr'>(l.</span> <span class='ocrx_word' id='word_1_6' title='bbox 801 145 844 192; x_wconf 74' lang='lat'>802,</span> <span class='ocrx_word' id='word_1_7' title='bbox 852 145 892 184; x_wconf 60' lang='grc' dir='ltr'>Μ</span> 
     </span>
    </p>
   </div>
   <div class='ocr_carea' id='block_1_2' title="bbox 7 194 910 2720">
    <p class='ocr_par' dir='ltr' id='par_1_2' title="bbox 86 194 907 958">
     <span class='ocr_line' id='line_1_3' title="bbox 108 194 896 268; baseline -0.008 -14"><span class='ocrx_word' id='word_1_8' title='bbox 108 202 185 254; x_wconf 84' lang='lat' dir='ltr'>tunso</span> <span class='ocrx_word' id='word_1_9' title='bbox 197 198 261 254; x_wconf 88' lang='lat' dir='ltr'>mari</span> <span class='ocrx_word' id='word_1_10' title='bbox 272 218 279 263; x_wconf 80' lang='lat'>3</span> <span class='ocrx_word' id='word_1_11' title='bbox 297 197 330 252; x_wconf 89' lang='lat' dir='ltr'>ad</span> <span class='ocrx_word' id='word_1_12' title='bbox 341 198 390 252; x_wconf 89' lang='lat' dir='ltr'>hoc</span> <span class='ocrx_word' id='word_1_13' title='bbox 401 215 476 268; x_wconf 84' lang='lat' dir='ltr'>reges</span> <span class='ocrx_word' id='word_1_14' title='bbox 488 198 594 262; x_wconf 83' lang='lat' dir='ltr'>feroces,</span> <span class='ocrx_word' id='word_1_15' title='bbox 605 213 683 268; x_wconf 83' lang='lat' dir='ltr'>vagos</span> <span class='ocrx_word' id='word_1_16' title='bbox 692 196 807 268; x_wconf 84' lang='lat' dir='ltr'>populos,</span> <span class='ocrx_word' id='word_1_17' title='bbox 817 194 896 250; x_wconf 84' lang='lat' dir='ltr'>solum</span> 
     </span>
     <span class='ocr_line' id='line_1_4' title="bbox 109 272 900 347; baseline -0.003 -19"><span class='ocrx_word' id='word_1_18' title='bbox 109 274 215 347; x_wconf 77' lang='lat' dir='ltr'>frugum</span> <span class='ocrx_word' id='word_1_19' title='bbox 227 293 320 346; x_wconf 84' lang='lat' dir='ltr'>egens;</span> <span class='ocrx_word' id='word_1_20' title='bbox 340 277 397 328; x_wconf 92' lang='lat' dir='ltr'>tum</span> <span class='ocrx_word' id='word_1_21' title='bbox 408 272 513 328; x_wconf 88' lang='lat' dir='ltr'>taedium</span> <span class='ocrx_word' id='word_1_22' title='bbox 526 291 559 328; x_wconf 82' lang='lat' dir='ltr'>ex</span> <span class='ocrx_word' id='word_1_23' title='bbox 575 291 654 338; x_wconf 87' lang='lat' dir='ltr'>mora,</span> <span class='ocrx_word' id='word_1_24' title='bbox 671 272 782 343; x_wconf 81' lang='lat' dir='ltr'>pericula</span> <span class='ocrx_word' id='word_1_25' title='bbox 797 289 831 327; x_wconf 78' lang='lat' dir='ltr'>ex</span> <span class='ocrx_word' id='word_1_26' title='bbox 843 289 900 344; x_wconf 79' lang='lat' dir='ltr'>pro</span> 
     </span>
     <span class='ocr_line' id='line_1_5' title="bbox 108 349 900 422; baseline -0.003 -16"><span class='ocrx_word' id='word_1_27' title='bbox 108 351 232 422; x_wconf 74' lang='lat' dir='ltr'><strong>perantia,</strong></span> <span class='ocrx_word' id='word_1_28' title='bbox 254 350 379 406; x_wconf 77' lang='lat' dir='ltr'><strong>modicam</strong></span> <span class='ocrx_word' id='word_1_29' title='bbox 399 349 539 405; x_wconf 87' lang='lat' dir='ltr'>victoribus</span> <span class='ocrx_word' id='word_1_30' title='bbox 561 349 669 418; x_wconf 86' lang='lat' dir='ltr'>laudern,</span> <span class='ocrx_word' id='word_1_31' title='bbox 691 367 721 404; x_wconf 89' lang='lat' dir='ltr'>ac</span> <span class='ocrx_word' id='word_1_32' title='bbox 737 349 848 404; x_wconf 85' lang='lat' dir='ltr'>multum</span> <span class='ocrx_word' id='word_1_33' title='bbox 863 349 900 404; x_wconf 91' lang='lat' dir='ltr'>in-</span> 
     </span>
     <span class='ocr_line' id='line_1_6' title="bbox 86 425 900 497; baseline -0.002 -16"><span class='ocrx_word' id='word_1_34' title='bbox 86 428 199 492; x_wconf 79' lang='lat' dir='ltr'>arania,</span> <span class='ocrx_word' id='word_1_35' title='bbox 213 427 236 482; x_wconf 88' lang='lat' dir='ltr'>ai</span> <span class='ocrx_word' id='word_1_36' title='bbox 247 427 409 497; x_wconf 81' lang='lat' dir='ltr'>pellerentur.</span> <span class='ocrx_word' id='word_1_37' title='bbox 447 427 519 486; x_wconf 78' lang='lat' dir='ltr'>Quin</span> <span class='ocrx_word' id='word_1_38' title='bbox 530 427 652 497; x_wconf 87' lang='lat' dir='ltr'>arriperet</span> <span class='ocrx_word' id='word_1_39' title='bbox 661 425 780 481; x_wconf 89' lang='lat' dir='ltr'>oblataet</span> <span class='ocrx_word' id='word_1_40' title='bbox 790 427 900 481; x_wconf 79' lang='lat' dir='ltr'>servaret</span> 
     </span>
     <span class='ocr_line' id='line_1_7' title="bbox 109 500 902 574; baseline -0.004 -16"><span class='ocrx_word' id='word_1_41' title='bbox 109 504 228 569; x_wconf 85' lang='lat' dir='ltr'>exulcm;</span> <span class='ocrx_word' id='word_1_42' title='bbox 246 504 290 558; x_wconf 90' lang='lat' dir='ltr'>cui</span> <span class='ocrx_word' id='word_1_43' title='bbox 306 503 377 574; x_wconf 90' lang='lat' dir='ltr'>inopi</span> <span class='ocrx_word' id='word_1_44' title='bbox 389 506 485 573; x_wconf 89' lang='lat' dir='ltr'>quanto</span> <span class='ocrx_word' id='word_1_45' title='bbox 500 502 641 574; x_wconf 79' lang='lat' dir='ltr'>longiorem</span> <span class='ocrx_word' id='word_1_46' title='bbox 652 502 741 567; x_wconf 79' lang='lat' dir='ltr'>vitam,</span> <span class='ocrx_word' id='word_1_47' title='bbox 754 506 829 557; x_wconf 81' lang='lat' dir='ltr'>tanto</span> <span class='ocrx_word' id='word_1_48' title='bbox 846 500 902 572; x_wconf 86' lang='lat' dir='ltr'>plus</span> 
     </span>
     <span class='ocr_line' id='line_1_8' title="bbox 86 578 907 652; baseline -0.002 -18"><span class='ocrx_word' id='word_1_49' title='bbox 86 578 228 652; x_wconf 66' lang='lat' dir='ltr'>asupplicii</span> <span class='ocrx_word' id='word_1_50' title='bbox 238 579 301 634; x_wconf 81' lang='lat' dir='ltr'>iore.</span> <span class='ocrx_word' id='word_1_51' title='bbox 337 579 389 634; x_wconf 83' lang='lat' dir='ltr'>Hie</span> <span class='ocrx_word' id='word_1_52' title='bbox 401 591 532 650; x_wconf 88' lang='lat' dir='ltr'>permotus</span> <span class='ocrx_word' id='word_1_53' title='bbox 544 579 646 649; x_wconf 82' lang='lat' dir='ltr'>scripsit</span> <span class='ocrx_word' id='word_1_54' title='bbox 660 579 771 644; x_wconf 78' lang='lat' dir='ltr'>Eunoni,</span> <span class='ocrx_word' id='word_1_55' title='bbox 784 579 907 633; x_wconf 88' lang='lat' dir='ltr'>meritum</span> 
     </span>
     <span class='ocr_line' id='line_1_9' title="bbox 110 652 904 728; baseline -0.005 -16"><span class='ocrx_word' id='word_1_56' title='bbox 110 657 213 728; x_wconf 89' lang='lat' dir='ltr'>quidem</span> <span class='ocrx_word' id='word_1_57' title='bbox 224 655 362 711; x_wconf 84' lang='lat' dir='ltr'>novissima</span> <span class='ocrx_word' id='word_1_58' title='bbox 372 655 487 726; x_wconf 82' lang='lat' dir='ltr'>exempla</span> <span class='ocrx_word' id='word_1_59' title='bbox 498 654 675 720; x_wconf 82' lang='lat' dir='ltr'>Mithridaten,</span> <span class='ocrx_word' id='word_1_60' title='bbox 688 673 737 710; x_wconf 87' lang='lat' dir='ltr'>nec</span> <span class='ocrx_word' id='word_1_61' title='bbox 748 655 799 710; x_wconf 89' lang='lat' dir='ltr'>sibi</span> <span class='ocrx_word' id='word_1_62' title='bbox 811 655 863 710; x_wconf 83' lang='lat' dir='ltr'>vim</span> <span class='ocrx_word' id='word_1_63' title='bbox 873 652 904 708; x_wconf 86' lang='lat' dir='ltr'>ad</span> 
     </span>
     <span class='ocr_line' id='line_1_10' title="bbox 110 731 903 805; baseline -0.003 -17"><span class='ocrx_word' id='word_1_64' title='bbox 110 732 286 805; x_wconf 85' lang='lat' dir='ltr'>exequendum</span> <span class='ocrx_word' id='word_1_65' title='bbox 310 732 414 787; x_wconf 83' lang='lat' dir='ltr'>deesse:</span> <span class='ocrx_word' id='word_1_66' title='bbox 433 750 522 786; x_wconf 87' lang='lat' dir='ltr'>verum</span> <span class='ocrx_word' id='word_1_67' title='bbox 545 733 583 786; x_wconf 86' lang='lat' dir='ltr'>ita</span> <span class='ocrx_word' id='word_1_68' title='bbox 605 731 744 802; x_wconf 87' lang='lat' dir='ltr'>majoribus</span> <span class='ocrx_word' id='word_1_69' title='bbox 772 731 903 802; x_wconf 85' lang='lat' dir='ltr'>placitum,</span> 
     </span>
     <span class='ocr_line' id='line_1_11' title="bbox 111 807 904 880; baseline -0.003 -16"><span class='ocrx_word' id='word_1_70' title='bbox 111 815 208 880; x_wconf 91' lang='lat' dir='ltr'>quanta</span> <span class='ocrx_word' id='word_1_71' title='bbox 218 809 358 880; x_wconf 86' lang='lat' dir='ltr'>pervicacia</span> <span class='ocrx_word' id='word_1_72' title='bbox 369 809 397 862; x_wconf 92' lang='lat' dir='ltr'>in</span> <span class='ocrx_word' id='word_1_73' title='bbox 407 808 516 876; x_wconf 89' lang='lat' dir='ltr'>hostem,</span> <span class='ocrx_word' id='word_1_74' title='bbox 528 810 601 862; x_wconf 87' lang='lat' dir='ltr'>tanta</span> <span class='ocrx_word' id='word_1_75' title='bbox 608 808 777 862; x_wconf 86' lang='lat' dir='ltr'>beneficentia</span> <span class='ocrx_word' id='word_1_76' title='bbox 784 807 904 863; x_wconf 76' lang='lat' dir='ltr'>adeamus</span> 
     </span>
     <span class='ocr_line' id='line_1_12' title="bbox 111 878 906 958; baseline -0.005 -17"><span class='ocrx_word' id='word_1_77' title='bbox 111 885 237 958; x_wconf 76' lang='lat' dir='ltr'>supplices</span> <span class='ocrx_word' id='word_1_78' title='bbox 249 878 379 940; x_wconf 82' lang='lat' dir='ltr'>utendum.</span> <span class='ocrx_word' id='word_1_79' title='bbox 415 884 483 938; x_wconf 89' lang='lat' dir='ltr'>Nam</span> <span class='ocrx_word' id='word_1_80' title='bbox 495 883 637 954; x_wconf 89' lang='lat' dir='ltr'>triumphos</span> <span class='ocrx_word' id='word_1_81' title='bbox 649 884 681 938; x_wconf 90' lang='lat' dir='ltr'>dc</span> <span class='ocrx_word' id='word_1_82' title='bbox 692 883 799 955; x_wconf 89' lang='lat' dir='ltr'>populis</span> <span class='ocrx_word' id='word_1_83' title='bbox 811 882 906 956; x_wconf 83' lang='lat' dir='ltr'>regnia-</span> 
     </span>
    </p>

    <p class='ocr_par' dir='ltr' id='par_1_3' title="bbox 66 959 907 1334">
     <span class='ocr_line' id='line_1_13' title="bbox 66 959 906 1032; baseline 0 -18"><span class='ocrx_word' id='word_1_84' title='bbox 66 960 99 1016; x_wconf 84' lang='lat'>21</span> <span class='ocrx_word' id='word_1_85' title='bbox 111 980 160 1032; x_wconf 91' lang='lat' dir='ltr'>que</span> <span class='ocrx_word' id='word_1_86' title='bbox 184 959 290 1032; x_wconf 83' lang='lat' dir='ltr'>integris</span> <span class='ocrx_word' id='word_1_87' title='bbox 314 959 417 1030; x_wconf 87' lang='lat' dir='ltr'>acquiri.</span> <span class='ocrx_word' id='word_1_88' title='bbox 454 959 575 1014; x_wconf 77' lang='lat' dir='ltr'>Traditus</span> <span class='ocrx_word' id='word_1_89' title='bbox 598 959 705 1030; x_wconf 84' lang='lat' dir='ltr'>posthac</span> <span class='ocrx_word' id='word_1_90' title='bbox 729 959 906 1028; x_wconf 80' lang='lat' dir='ltr'>Mithridates,</span> 
     </span>
     <span class='ocr_line' id='line_1_14' title="bbox 110 1034 907 1108; baseline -0.003 -16"><span class='ocrx_word' id='word_1_91' title='bbox 110 1042 250 1108; x_wconf 85' lang='lat' dir='ltr'>vectusque</span> <span class='ocrx_word' id='word_1_92' title='bbox 270 1036 379 1091; x_wconf 82' lang='lat' dir='ltr'>Romam</span> <span class='ocrx_word' id='word_1_93' title='bbox 397 1053 443 1106; x_wconf 90' lang='lat' dir='ltr'>per</span> <span class='ocrx_word' id='word_1_94' title='bbox 461 1034 568 1090; x_wconf 90' lang='lat' dir='ltr'>Junium</span> <span class='ocrx_word' id='word_1_95' title='bbox 583 1034 698 1090; x_wconf 87' lang='lat' dir='ltr'>Cilonem</span> <span class='ocrx_word' id='word_1_96' title='bbox 713 1040 907 1106; x_wconf 76' lang='lat' dir='ltr'>procuratorem</span> 
     </span>
     <span class='ocr_line' id='line_1_15' title="bbox 110 1111 907 1184; baseline 0 -16"><span class='ocrx_word' id='word_1_97' title='bbox 110 1113 196 1178; x_wconf 87' lang='lat' dir='ltr'>Ponti,</span> <span class='ocrx_word' id='word_1_98' title='bbox 209 1112 318 1168; x_wconf 84' lang='lat' dir='ltr'>ferocius</span> <span class='ocrx_word' id='word_1_99' title='bbox 331 1129 406 1182; x_wconf 87' lang='lat' dir='ltr'>quam</span> <span class='ocrx_word' id='word_1_100' title='bbox 418 1128 464 1182; x_wconf 89' lang='lat' dir='ltr'>pro</span> <span class='ocrx_word' id='word_1_101' title='bbox 476 1111 580 1166; x_wconf 74' lang='lat' dir='ltr'>fortuna</span> <span class='ocrx_word' id='word_1_102' title='bbox 596 1111 746 1166; x_wconf 89' lang='lat' dir='ltr'>disseruisse</span> <span class='ocrx_word' id='word_1_103' title='bbox 766 1112 841 1184; x_wconf 89' lang='lat' dir='ltr'>apud</span> <span class='ocrx_word' id='word_1_104' title='bbox 858 1111 907 1168; x_wconf 78' lang='lat' dir='ltr'>Ca·</span> 
     </span>
     <span class='ocr_line' id='line_1_16' title="bbox 111 1187 906 1260; baseline -0.003 -15"><span class='ocrx_word' id='word_1_105' title='bbox 111 1208 193 1245; x_wconf 86' lang='lat' dir='ltr'>sarem</span> <span class='ocrx_word' id='word_1_106' title='bbox 213 1188 361 1252; x_wconf 89' lang='lat' dir='ltr'>ferebatur;</span> <span class='ocrx_word' id='word_1_107' title='bbox 379 1187 496 1259; x_wconf 87' lang='lat' dir='ltr'>elataque</span> <span class='ocrx_word' id='word_1_108' title='bbox 517 1205 568 1242; x_wconf 83' lang='lat' dir='ltr'>vox</span> <span class='ocrx_word' id='word_1_109' title='bbox 585 1188 641 1259; x_wconf 86' lang='lat' dir='ltr'>ejus</span> <span class='ocrx_word' id='word_1_110' title='bbox 660 1188 688 1242; x_wconf 93' lang='lat' dir='ltr'>in</span> <span class='ocrx_word' id='word_1_111' title='bbox 707 1187 824 1260; x_wconf 83' lang='lat' dir='ltr'>vulgum</span> <span class='ocrx_word' id='word_1_112' title='bbox 842 1189 906 1243; x_wconf 86' lang='lat' dir='ltr'>bisce</span> 
     </span>
     <span class='ocr_line' id='line_1_17' title="bbox 110 1259 906 1334; baseline -0.001 -13"><span class='ocrx_word' id='word_1_113' title='bbox 110 1266 201 1334; x_wconf 83' lang='lat' dir='ltr'>verbis,</span> <span class='ocrx_word' id='word_1_114' title='bbox 217 1265 302 1319; x_wconf 89' lang='lat' dir='ltr'>“Non</span> <span class='ocrx_word' id='word_1_115' title='bbox 316 1283 371 1319; x_wconf 91' lang='lat' dir='ltr'>sum</span> <span class='ocrx_word' id='word_1_116' title='bbox 391 1264 512 1318; x_wconf 89' lang='lat' dir='ltr'>remissus</span> <span class='ocrx_word' id='word_1_117' title='bbox 533 1263 566 1319; x_wconf 88' lang='lat' dir='ltr'>ad</span> <span class='ocrx_word' id='word_1_118' title='bbox 584 1268 619 1332; x_wconf 89' lang='lat' dir='ltr'>te,</span> <span class='ocrx_word' id='word_1_119' title='bbox 643 1263 689 1318; x_wconf 85' lang='lat' dir='ltr'>scd</span> <span class='ocrx_word' id='word_1_120' title='bbox 709 1283 853 1321; x_wconf 83' lang='lat' dir='ltr'>reversus:</span> <span class='ocrx_word' id='word_1_121' title='bbox 870 1259 906 1320; x_wconf 78' lang='lat' dir='ltr'>ai</span> 
     </span>
    </p>

    <p class='ocr_par' dir='ltr' id='par_1_4' title="bbox 87 1339 910 1641">
     <span class='ocr_line' id='line_1_18' title="bbox 87 1339 906 1414; baseline -0.001 -18"><span class='ocrx_word' id='word_1_122' title='bbox 87 1342 134 1396; x_wconf 81' lang='lat' dir='ltr'>2si</span> <span class='ocrx_word' id='word_1_123' title='bbox 152 1360 203 1396; x_wconf 91' lang='lat' dir='ltr'>non</span> <span class='ocrx_word' id='word_1_124' title='bbox 223 1340 312 1406; x_wconf 87' lang='lat' dir='ltr'>credis,</span> <span class='ocrx_word' id='word_1_125' title='bbox 333 1339 433 1394; x_wconf 90' lang='lat' dir='ltr'>dimitte</span> <span class='ocrx_word' id='word_1_126' title='bbox 452 1342 479 1394; x_wconf 89' lang='lat' dir='ltr'>et</span> <span class='ocrx_word' id='word_1_127' title='bbox 498 1341 608 1411; x_wconf 81' lang='lat' dir='ltr'>quarc.&#39;’</span> <span class='ocrx_word' id='word_1_128' title='bbox 643 1340 729 1394; x_wconf 90' lang='lat' dir='ltr'>Vultu</span> <span class='ocrx_word' id='word_1_129' title='bbox 748 1359 860 1414; x_wconf 88' lang='lat' dir='ltr'>quoquc</span> <span class='ocrx_word' id='word_1_130' title='bbox 874 1341 906 1395; x_wconf 85' lang='lat' dir='ltr'>in·</span> 
     </span>
     <span class='ocr_line' id='line_1_19' title="bbox 109 1415 907 1488; baseline -0.001 -15"><span class='ocrx_word' id='word_1_131' title='bbox 109 1419 201 1473; x_wconf 88' lang='lat' dir='ltr'>territo</span> <span class='ocrx_word' id='word_1_132' title='bbox 221 1415 368 1488; x_wconf 85' lang='lat' dir='ltr'>permansit,</span> <span class='ocrx_word' id='word_1_133' title='bbox 388 1433 448 1470; x_wconf 88' lang='lat' dir='ltr'>curn</span> <span class='ocrx_word' id='word_1_134' title='bbox 468 1416 566 1470; x_wconf 86' lang='lat' dir='ltr'>Rostra</span> <span class='ocrx_word' id='word_1_135' title='bbox 582 1416 665 1486; x_wconf 83' lang='lat' dir='ltr'>juxta,</span> <span class='ocrx_word' id='word_1_136' title='bbox 687 1417 848 1474; x_wconf 84' lang='lat' dir='ltr'>custodibus</span> <span class='ocrx_word' id='word_1_137' title='bbox 865 1417 907 1472; x_wconf 87' lang='lat' dir='ltr'>cir·</span> 
     </span>
     <span class='ocr_line' id='line_1_20' title="bbox 110 1492 910 1567; baseline 0.004 -18"><span class='ocrx_word' id='word_1_138' title='bbox 110 1494 253 1558; x_wconf 88' lang='lat' dir='ltr'>cumdatus,</span> <span class='ocrx_word' id='word_1_139' title='bbox 266 1492 334 1548; x_wconf 82' lang='lat' dir='ltr'>visui</span> <span class='ocrx_word' id='word_1_140' title='bbox 344 1492 438 1563; x_wconf 92' lang='lat' dir='ltr'>populo</span> <span class='ocrx_word' id='word_1_141' title='bbox 449 1492 613 1563; x_wconf 71' lang='lat' dir='ltr'>preberetur.</span> <span class='ocrx_word' id='word_1_142' title='bbox 632 1493 790 1552; x_wconf 66' lang='lat' dir='ltr'>Consularis</span> <span class='ocrx_word' id='word_1_143' title='bbox 801 1493 910 1567; x_wconf 77' lang='lat' dir='ltr'>msigaia</span> 
     </span>
     <span class='ocr_line' id='line_1_21' title="bbox 112 1567 635 1641; baseline -0.002 -16"><span class='ocrx_word' id='word_1_144' title='bbox 112 1571 201 1636; x_wconf 88' lang='lat' dir='ltr'>Ciloni,</span> <span class='ocrx_word' id='word_1_145' title='bbox 215 1569 314 1641; x_wconf 78' lang='lat' dir='ltr'>Aquilae</span> <span class='ocrx_word' id='word_1_146' title='bbox 326 1568 445 1639; x_wconf 79' lang='lat' dir='ltr'>praetoria</span> <span class='ocrx_word' id='word_1_147' title='bbox 457 1567 635 1624; x_wconf 85' lang='lat' dir='ltr'>decernuntur.</span> 
     </span>
    </p>

    <p class='ocr_par' dir='ltr' id='par_1_5' title="bbox 65 1644 910 1946">
     <span class='ocr_line' id='line_1_22' title="bbox 65 1644 907 1716; baseline 0.004 -18"><span class='ocrx_word' id='word_1_148' title='bbox 65 1645 102 1698; x_wconf 77' lang='lat'>22</span> <span class='ocrx_word' id='word_1_149' title='bbox 145 1646 231 1702; x_wconf 89' lang='lat' dir='ltr'>Isdem</span> <span class='ocrx_word' id='word_1_150' title='bbox 244 1645 389 1700; x_wconf 86' lang='lat' dir='ltr'>consulibus</span> <span class='ocrx_word' id='word_1_151' title='bbox 402 1648 476 1700; x_wconf 87' lang='lat' dir='ltr'>atrox</span> <span class='ocrx_word' id='word_1_152' title='bbox 488 1644 540 1699; x_wconf 89' lang='lat' dir='ltr'>odii</span> <span class='ocrx_word' id='word_1_153' title='bbox 557 1644 700 1716; x_wconf 83' lang='lat' dir='ltr'>Agrippina</span> <span class='ocrx_word' id='word_1_154' title='bbox 714 1663 745 1700; x_wconf 88' lang='lat' dir='ltr'>ac</span> <span class='ocrx_word' id='word_1_155' title='bbox 765 1647 861 1703; x_wconf 79' lang='lat' dir='ltr'>Ircllioe</span> <span class='ocrx_word' id='word_1_156' title='bbox 875 1646 907 1701; x_wconf 88' lang='lat' dir='ltr'>in·</span> 
     </span>
     <span class='ocr_line' id='line_1_23' title="bbox 110 1719 906 1793; baseline 0.003 -16"><span class='ocrx_word' id='word_1_157' title='bbox 110 1723 189 1788; x_wconf 82' lang='lat' dir='ltr'>sensa,</span> <span class='ocrx_word' id='word_1_158' title='bbox 203 1721 271 1793; x_wconf 89' lang='lat' dir='ltr'>quod</span> <span class='ocrx_word' id='word_1_159' title='bbox 283 1739 370 1776; x_wconf 87' lang='lat' dir='ltr'>secum</span> <span class='ocrx_word' id='word_1_160' title='bbox 381 1720 413 1776; x_wconf 93' lang='lat' dir='ltr'>de</span> <span class='ocrx_word' id='word_1_161' title='bbox 428 1719 589 1776; x_wconf 88' lang='lat' dir='ltr'>matrimonio</span> <span class='ocrx_word' id='word_1_162' title='bbox 607 1721 728 1792; x_wconf 84' lang='lat' dir='ltr'>principis</span> <span class='ocrx_word' id='word_1_163' title='bbox 746 1726 906 1790; x_wconf 72' lang='lat' dir='ltr'>certavnaee.</span> 
     </span>
     <span class='ocr_line' id='line_1_24' title="bbox 110 1797 910 1869; baseline 0.003 -16"><span class='ocrx_word' id='word_1_164' title='bbox 110 1799 214 1854; x_wconf 89' lang='lat' dir='ltr'>molitur</span> <span class='ocrx_word' id='word_1_165' title='bbox 226 1797 331 1854; x_wconf 86' lang='lat' dir='ltr'>crimina</span> <span class='ocrx_word' id='word_1_166' title='bbox 342 1799 369 1852; x_wconf 90' lang='lat' dir='ltr'>ct</span> <span class='ocrx_word' id='word_1_167' title='bbox 382 1800 562 1862; x_wconf 86' lang='lat' dir='ltr'>accusatorem,</span> <span class='ocrx_word' id='word_1_168' title='bbox 576 1798 621 1868; x_wconf 89' lang='lat' dir='ltr'>qui</span> <span class='ocrx_word' id='word_1_169' title='bbox 631 1797 755 1869; x_wconf 90' lang='lat' dir='ltr'>objiceret</span> <span class='ocrx_word' id='word_1_170' title='bbox 767 1801 910 1864; x_wconf 71' lang='lat' dir='ltr'>chaldeos,-</span> 
     </span>
     <span class='ocr_line' id='line_1_25' title="bbox 111 1873 907 1946; baseline 0.005 -17"><span class='ocrx_word' id='word_1_171' title='bbox 111 1893 206 1946; x_wconf 83' lang='lat' dir='ltr'>magos,</span> <span class='ocrx_word' id='word_1_172' title='bbox 230 1874 466 1944; x_wconf 87' lang='lat' dir='ltr'>interrogatumque</span> <span class='ocrx_word' id='word_1_173' title='bbox 489 1873 615 1943; x_wconf 82' lang='lat' dir='ltr'>Apollinis</span> <span class='ocrx_word' id='word_1_174' title='bbox 640 1873 719 1929; x_wconf 80' lang='lat' dir='ltr'>Clarii</span> <span class='ocrx_word' id='word_1_175' title='bbox 742 1876 907 1933; x_wconf 68' lang='lat' dir='ltr'>simulacrum</span> 
     </span>
    </p>

    <p class='ocr_par' dir='ltr' id='par_1_6' title="bbox 7 1948 907 2720">
     <span class='ocr_line' id='line_1_26' title="bbox 88 1948 905 2022; baseline 0.005 -16"><span class='ocrx_word' id='word_1_176' title='bbox 88 1965 187 2020; x_wconf 83' lang='lat' dir='ltr'>2supcr</span> <span class='ocrx_word' id='word_1_177' title='bbox 198 1951 295 2022; x_wconf 88' lang='lat' dir='ltr'>nuptiis</span> <span class='ocrx_word' id='word_1_178' title='bbox 306 1950 473 2020; x_wconf 87' lang='lat' dir='ltr'>imperatoris.</span> <span class='ocrx_word' id='word_1_179' title='bbox 509 1948 578 2004; x_wconf 81' lang='lat' dir='ltr'>Exin</span> <span class='ocrx_word' id='word_1_180' title='bbox 590 1949 720 2016; x_wconf 86' lang='lat' dir='ltr'>Claudius,</span> <span class='ocrx_word' id='word_1_181' title='bbox 728 1950 856 2009; x_wconf 80' lang='lat' dir='ltr'>inaudita</span> <span class='ocrx_word' id='word_1_182' title='bbox 863 1969 905 2016; x_wconf 59' lang='lat' dir='ltr'>res</span> 
     </span>
     <span class='ocr_line' id='line_1_27' title="bbox 110 2025 907 2097; baseline 0.004 -16"><span class='ocrx_word' id='word_1_183' title='bbox 110 2027 191 2082; x_wconf 90' lang='lat' dir='ltr'>multa</span> <span class='ocrx_word' id='word_1_184' title='bbox 202 2026 234 2081; x_wconf 88' lang='lat' dir='ltr'>de</span> <span class='ocrx_word' id='word_1_185' title='bbox 246 2025 395 2082; x_wconf 83' lang='lat' dir='ltr'>claritudine</span> <span class='ocrx_word' id='word_1_186' title='bbox 407 2025 462 2096; x_wconf 86' lang='lat' dir='ltr'>ejus</span> <span class='ocrx_word' id='word_1_187' title='bbox 474 2025 542 2096; x_wconf 85' lang='lat' dir='ltr'>apud</span> <span class='ocrx_word' id='word_1_188' title='bbox 553 2029 669 2081; x_wconf 89' lang='lat' dir='ltr'>senatum</span> <span class='ocrx_word' id='word_1_189' title='bbox 677 2027 820 2097; x_wconf 76' lang='lat' dir='ltr'>prefatus,</span> <span class='ocrx_word' id='word_1_190' title='bbox 829 2043 907 2086; x_wconf 83' lang='lat' dir='ltr'>serora</span> 
     </span>
     <span class='ocr_line' id='line_1_28' title="bbox 110 2102 907 2174; baseline 0.004 -17"><span class='ocrx_word' id='word_1_191' title='bbox 110 2103 141 2158; x_wconf 89' lang='lat' dir='ltr'>L.</span> <span class='ocrx_word' id='word_1_192' title='bbox 155 2102 256 2158; x_wconf 86' lang='lat' dir='ltr'>Volusii</span> <span class='ocrx_word' id='word_1_193' title='bbox 267 2103 387 2174; x_wconf 83' lang='lat' dir='ltr'>genitam,</span> <span class='ocrx_word' id='word_1_194' title='bbox 400 2102 521 2174; x_wconf 86' lang='lat' dir='ltr'>majorem</span> <span class='ocrx_word' id='word_1_195' title='bbox 533 2103 557 2158; x_wconf 88' lang='lat' dir='ltr'>ei</span> <span class='ocrx_word' id='word_1_196' title='bbox 574 2107 695 2174; x_wconf 90' lang='lat' dir='ltr'>patruum</span> <span class='ocrx_word' id='word_1_197' title='bbox 713 2103 830 2162; x_wconf 85' lang='lat' dir='ltr'>Cottam</span> <span class='ocrx_word' id='word_1_198' title='bbox 845 2107 907 2162; x_wconf 83' lang='lat' dir='ltr'>Mea·</span> 
     </span>
     <span class='ocr_line' id='line_1_29' title="bbox 109 2178 905 2253; baseline 0.004 -18"><span class='ocrx_word' id='word_1_199' title='bbox 109 2179 217 2236; x_wconf 87' lang='lat' dir='ltr'>salinum</span> <span class='ocrx_word' id='word_1_200' title='bbox 233 2197 297 2245; x_wconf 87' lang='lat' dir='ltr'>esse,</span> <span class='ocrx_word' id='word_1_201' title='bbox 311 2179 435 2234; x_wconf 90' lang='lat' dir='ltr'>Memmio</span> <span class='ocrx_word' id='word_1_202' title='bbox 452 2178 578 2250; x_wconf 87' lang='lat' dir='ltr'>quondam</span> <span class='ocrx_word' id='word_1_203' title='bbox 589 2179 690 2250; x_wconf 83' lang='lat' dir='ltr'>Regulo</span> <span class='ocrx_word' id='word_1_204' title='bbox 702 2185 832 2252; x_wconf 83' lang='lat' dir='ltr'>nuptam,</span> <span class='ocrx_word' id='word_1_205' title='bbox 845 2185 905 2253; x_wconf 75' lang='lat' dir='ltr'>(nan</span> 
     </span>
     <span class='ocr_line' id='line_1_30' title="bbox 109 2254 906 2329; baseline 0.005 -19"><span class='ocrx_word' id='word_1_206' title='bbox 109 2255 141 2310; x_wconf 89' lang='lat' dir='ltr'>de</span> <span class='ocrx_word' id='word_1_207' title='bbox 154 2254 183 2309; x_wconf 86' lang='lat' dir='ltr'>C.</span> <span class='ocrx_word' id='word_1_208' title='bbox 197 2255 304 2310; x_wconf 76' lang='lat' dir='ltr'>Caesaris</span> <span class='ocrx_word' id='word_1_209' title='bbox 322 2255 418 2326; x_wconf 87' lang='lat' dir='ltr'>nuptiis</span> <span class='ocrx_word' id='word_1_210' title='bbox 435 2255 551 2310; x_wconf 88' lang='lat' dir='ltr'>consulto</span> <span class='ocrx_word' id='word_1_211' title='bbox 569 2255 713 2324; x_wconf 73' lang='lat' dir='ltr'>reticebat)</span> <span class='ocrx_word' id='word_1_212' title='bbox 732 2258 843 2316; x_wconf 86' lang='lat' dir='ltr'>addidit</span> <span class='ocrx_word' id='word_1_213' title='bbox 860 2275 906 2329; x_wconf 73' lang='lat' dir='ltr'>pa·</span> 
     </span>
     <span class='ocr_line' id='line_1_31' title="bbox 108 2331 905 2402; baseline 0.011 -18"><span class='ocrx_word' id='word_1_214' title='bbox 108 2332 204 2385; x_wconf 89' lang='lat' dir='ltr'>niciosa</span> <span class='ocrx_word' id='word_1_215' title='bbox 226 2332 254 2384; x_wconf 92' lang='lat' dir='ltr'>in</span> <span class='ocrx_word' id='word_1_216' title='bbox 273 2349 327 2386; x_wconf 88' lang='lat' dir='ltr'>rem</span> <span class='ocrx_word' id='word_1_217' title='bbox 346 2331 474 2402; x_wconf 89' lang='lat' dir='ltr'>publicam</span> <span class='ocrx_word' id='word_1_218' title='bbox 493 2332 605 2396; x_wconf 87' lang='lat' dir='ltr'>consilia,</span> <span class='ocrx_word' id='word_1_219' title='bbox 625 2336 652 2388; x_wconf 88' lang='lat' dir='ltr'>et</span> <span class='ocrx_word' id='word_1_220' title='bbox 666 2335 809 2392; x_wconf 84' lang='lat' dir='ltr'>materiem</span> <span class='ocrx_word' id='word_1_221' title='bbox 826 2332 905 2392; x_wconf 70' lang='lat' dir='ltr'>aciabu!¹</span> 
     </span>
     <span class='ocr_line' id='line_1_32' title="bbox 108 2405 904 2477; baseline 0.015 -20"><span class='ocrx_word' id='word_1_222' title='bbox 108 2405 306 2460; x_wconf 85' lang='lat' dir='ltr'>detrahendam:</span> <span class='ocrx_word' id='word_1_223' title='bbox 336 2407 411 2476; x_wconf 90' lang='lat' dir='ltr'>proin</span> <span class='ocrx_word' id='word_1_224' title='bbox 434 2407 569 2477; x_wconf 89' lang='lat' dir='ltr'>publicatis</span> <span class='ocrx_word' id='word_1_225' title='bbox 594 2407 667 2463; x_wconf 91' lang='lat' dir='ltr'>bonis</span> <span class='ocrx_word' id='word_1_226' title='bbox 692 2408 805 2468; x_wconf 86' lang='lat' dir='ltr'>cederet</span> <span class='ocrx_word' id='word_1_227' title='bbox 831 2409 904 2468; x_wconf 77' lang='lat' dir='ltr'>Iura</span> 
     </span>
     <span class='ocr_line' id='line_1_33' title="bbox 85 2479 907 2554; baseline 0.016 -22"><span class='ocrx_word' id='word_1_228' title='bbox 85 2479 150 2532; x_wconf 80' lang='lat' dir='ltr'>aIta</span> <span class='ocrx_word' id='word_1_229' title='bbox 170 2479 337 2549; x_wconf 81' lang='lat' dir='ltr'>quinquagies</span> <span class='ocrx_word' id='word_1_230' title='bbox 358 2483 506 2536; x_wconf 74' lang='lat' dir='ltr'>sestertium</span> <span class='ocrx_word' id='word_1_231' title='bbox 529 2502 562 2538; x_wconf 81' lang='lat' dir='ltr'>ex</span> <span class='ocrx_word' id='word_1_232' title='bbox 578 2484 669 2554; x_wconf 89' lang='lat' dir='ltr'>opibus</span> <span class='ocrx_word' id='word_1_233' title='bbox 688 2485 831 2544; x_wconf 86' lang='lat' dir='ltr'>immensis</span> <span class='ocrx_word' id='word_1_234' title='bbox 847 2485 907 2544; x_wconf 66' lang='lat' dir='ltr'>exul</span> 
     </span>
     <span class='ocr_line' id='line_1_34' title="bbox 107 2552 903 2634; baseline 0.021 -31"><span class='ocrx_word' id='word_1_235' title='bbox 107 2552 231 2605; x_wconf 88' lang='lat' dir='ltr'>relictum.</span> <span class='ocrx_word' id='word_1_236' title='bbox 267 2553 303 2606; x_wconf 83' lang='lat' dir='ltr'>Et</span> <span class='ocrx_word' id='word_1_237' title='bbox 327 2555 466 2624; x_wconf 83' lang='lat' dir='ltr'>Calpurnia</span> <span class='ocrx_word' id='word_1_238' title='bbox 489 2558 597 2614; x_wconf 81' lang='lat' dir='ltr'>illustris</span> <span class='ocrx_word' id='word_1_239' title='bbox 620 2560 717 2616; x_wconf 85' lang='lat' dir='ltr'>femina</span> <span class='ocrx_word' id='word_1_240' title='bbox 741 2565 903 2634; x_wconf 79' lang='lat' dir='ltr'>pervertitur.</span> 
     </span>
     <span class='ocr_line' id='line_1_35' title="bbox 7 2625 902 2720; baseline 0.025 -45"><span class='ocrx_word' id='word_1_241' title='bbox 7 2707 25 2720; x_wconf 69' lang='lat'>.</span> <span class='ocrx_word' id='word_1_242' title='bbox 106 2625 166 2691; x_wconf 86' lang='lat' dir='ltr'>qnia</span> <span class='ocrx_word' id='word_1_243' title='bbox 183 2625 290 2678; x_wconf 79' lang='lat' dir='ltr'>formam</span> <span class='ocrx_word' id='word_1_244' title='bbox 309 2631 365 2695; x_wconf 89' lang='lat' dir='ltr'>ejus</span> <span class='ocrx_word' id='word_1_245' title='bbox 383 2628 532 2688; x_wconf 82' lang='lat' dir='ltr'>laudaverat</span> <span class='ocrx_word' id='word_1_246' title='bbox 552 2636 679 2708; x_wconf 88' lang='lat' dir='ltr'>princeps,</span> <span class='ocrx_word' id='word_1_247' title='bbox 701 2639 778 2696; x_wconf 86' lang='lat' dir='ltr'>nulla</span> <span class='ocrx_word' id='word_1_248' title='bbox 797 2640 902 2702; x_wconf 75' lang='lat' dir='ltr'>libidine</span> 
     </span>
    </p>
   </div>
   <div class='ocr_carea' id='block_1_3' title="bbox 0 0 943 2956">
    <p class='ocr_par' dir='ltr' id='par_1_7' title="bbox 0 0 943 2956">
     <span class='ocr_line' id='line_1_36' title="bbox 0 0 943 2956; baseline 0 0"><span class='ocrx_word' id='word_1_249' title='bbox 0 0 943 2956; x_wconf 95' lang='lat' dir='ltr'> </span> 
     </span>
    </p>
   </div>
  </div>
 </body>
</html>
