2030 3000
42 225 64 264 L
73 225 99 265 D.
108 225 142 273 w,
152 223 195 274 m
235 162 431 212 ANNALIUM
443 163 521 212 xm.
540 163 644 212 29-84.
788 163 837 212 tta

41 274 123 330 Cesar
135 272 241 344 nequis
259 274 423 344 magistratus
440 277 486 329 aut
501 276 658 344 procurator,
674 272 719 344 qui
735 273 837 344 provin·

40 351 100 405 oium
121 350 260 413 obtineret,
284 349 455 419 speotnoulum
473 350 642 422 gladiatorum
660 354 705 404 aut
725 349 836 406 ferarum

40 432 80 483 aut
93 427 167 498 quod
179 426 248 481 aliud
259 425 384 482 ludierum
396 427 491 483 ederet,
527 428 596 483 Nam
608 432 668 482 ante
683 446 736 483 non
751 427 857 482 minuat

39 505 81 558 tali
92 503 233 575 largitione
246 520 321 573 quam
334 503 498 574 corripiendis
510 504 625 576 pecuniis
638 504 765 575 subjectos
778 503 837 558 uitli-

39 581 142 652 gebaut,
156 579 217 634 dum
236 597 292 650 quaa
307 579 412 634 libidine
429 580 595 652 deliquerant,
612 579 709 636 ambitu
727 597 836 652 propug-

38 663 106 712 nant.
147 655 255 710 Factum
277 659 304 710 et
324 660 427 711 senatus
446 657 590 713 consultum
608 657 700 712 ultioni
715 657 793 728 juxta
810 656 882 710 aaa

39 732 181 798 securitati,
198 735 229 786 ut
246 731 269 786 si
283 731 339 801 quis
357 750 372 786 a
390 733 443 787 suis
462 734 541 788 servis
559 734 710 788 interiectus
726 737 802 797 esset,
819 731 838 786 ii

40 827 143 882 quoque
168 809 212 880 qui
236 811 389 862 testamento
413 810 562 864 manumissi
586 810 634 866 sub
658 809 746 864 eodem
767 811 837 863 teoto

39 887 202 949 mansissent,
211 884 280 938 inter
288 902 377 958 servos
391 886 516 957 supplicia
526 885 674 958 penderent.
709 885 860 940 Redditurt

40 963 123 1017 ordini
147 961 245 1016 Lurius
269 959 364 1016 Varius
388 963 534 1029 consularis,
557 964 669 1018 avaritiae
690 961 838 1017 criminibus

40 1039 98 1094 olim
110 1037 252 1110 peroulsus.
289 1037 325 1092 Et
337 1038 477 1110 Pomponio
489 1040 605 1095 Graecina
615 1039 724 1111 insignis
736 1038 860 1105 feminae

40 1115 151 1179 Plautio,
169 1113 214 1184 qui
231 1131 310 1167 ovans
328 1132 356 1168 se
374 1113 405 1169 de
423 1115 563 1170 Britanniis
582 1116 690 1184 rettulit,
708 1118 789 1186 nuptu
809 1132 839 1170 eo

40 1190 232 1264 superstitionis
244 1193 356 1245 externa
367 1209 418 1256 ren,
430 1193 516 1248 mariti
525 1192 622 1264 judicio
633 1192 763 1264 permissa
799 1191 861 1250 Isi

40 1287 88 1340 que
95 1267 183 1339 prison
189 1266 318 1332 instituto,
327 1267 475 1338 propinquis
485 1287 577 1334 eoram,
586 1269 618 1324 de
631 1270 713 1341 eapite
722 1268 838 1338 famaque

41 1344 158 1416 eonjugis
171 1342 300 1414 oognovit,
312 1347 338 1398 et
356 1343 483 1400 insontem
499 1346 636 1400 nuntiavit.
672 1346 764 1416 Longa
779 1344 839 1399 huie

39 1419 189 1492 Pomponius
208 1424 271 1474 aetas
290 1423 317 1473 et
337 1420 458 1474 oontinna
475 1421 583 1476 tristitie
599 1423 657 1477 fuit.
693 1422 762 1477 Num
780 1424 861 1493 posto

40 1497 136 1552 Jnlinm
160 1495 243 1550 Drusi
266 1495 344 1550 filiam
367 1495 426 1551 dolo
445 1498 591 1553 Messalina
612 1499 773 1554 interiectam
793 1515 839 1568 per

41 1573 212 1644 quadraginta
231 1590 311 1626 annos
329 1590 381 1627 nou
400 1573 472 1628 eultu
489 1574 540 1630 nisi
557 1575 668 1646 lugubri,
687 1592 739 1629 non
757 1574 840 1628 animo

40 1651 89 1706 nisi
109 1654 201 1704 maesto
222 1647 284 1720 egit.
328 1648 410 1720 quue
430 1649 467 1706 illi
486 1651 648 1722 imperitante
668 1649 775 1705 Claudio
795 1649 840 1703 im-

40 1745 116 1798 pune,
129 1743 192 1780 mox
204 1725 237 1780 ud
248 1724 355 1796 gloriam
366 1727 453 1782 vertit.

73 1803 152 1858 Idem
165 1820 246 1856 annus
259 1801 344 1872 plures
356 1821 413 1858 reos
425 1803 522 1859 habuit.
559 1803 676 1863 Quorum
685 1802 715 1856 P.
725 1800 840 1856 Celerem
848 1813 885 1867 33

40 1882 180 1935 mumanae
192 1879 262 1944 Asia,
278 1877 339 1948 quia
354 1877 484 1934 absolvere
500 1879 621 1951 nequibat
640 1878 732 1944 Caesar,
750 1877 839 1942 traxit,

39 1960 147 2011 senecta
165 1953 245 2009 donee
263 1958 372 2010 mortem
390 1955 480 2011 obiret.
516 1956 584 2011 Nam
604 1954 677 2010 Celer
695 1953 863 2018 interfectot

38 2037 69 2087 ut
87 2031 239 2095 memoravi,
260 2031 345 2086 Silano
363 2031 520 2102 prooonsule‚
542 2031 718 2104 magnitudine
739 2029 841 2086 soeleris

39 2113 129 2164 uetera
140 2104 241 2178 flagitia
256 2106 401 2178 obtegebat.
439 2107 619 2163 Cossutianum
638 2108 788 2179 Capitonem
801 2105 863 2174 (Ji-3

38 2185 103 2241 lices
128 2183 275 2240 tenuerant
299 2183 455 2239 maculosum
481 2183 633 2256 soedumque,
658 2188 685 2238 et
708 2183 776 2240 idem
798 2183 842 2254 jus

40 2261 158 2316 audaeiae
176 2259 205 2314 in
224 2259 354 2330 provincia
371 2263 455 2315 retum
473 2260 542 2331 quod
558 2261 586 2315 in
603 2260 666 2315 urbe
684 2265 841 2316 exercuerat.

41 2337 94 2392 Sed
105 2335 236 2408 pervioaoi
248 2335 407 2392 aoeusatione
419 2336 580 2391 conflictatus
592 2341 721 2408 postremo
736 2335 865 2402 defensi-4

40 2432 118 2468 onem
130 2412 228 2477 omisit,
243 2429 272 2466 ae
283 2411 339 2483 lege
351 2411 548 2482 repetundarum
560 2413 694 2467 durnnatus
706 2415 754 2468 est.
790 2412 843 2467 Pro

40 2489 124 2561 Eprio
143 2487 278 2552 Marcello,
295 2505 311 2541 a
326 2505 377 2558 quo
391 2487 466 2558 Lyoii
482 2506 524 2542 res
541 2488 698 2559 repetebant,
718 2507 747 2544 eo
761 2505 843 2558 usque

41 2566 158 2622 ambitus
176 2563 318 2636 prevaluit,
336 2569 367 2618 ut
385 2563 486 2636 quidam
501 2569 678 2620 accusatorum
695 2566 751 2636 ejus
769 2563 844 2618 exilio

40 2643 226 2706 multarentur,
239 2645 361 2711 tauquam
372 2640 468 2696 insonti
479 2641 620 2711 perieulum
632 2640 761 2695 iecissent.

77 2719 190 2774 Nerone
201 2717 309 2772 tertium
321 2715 433 2785 oonsule,
443 2715 519 2770 simul
530 2716 588 2772 iniit
600 2716 760 2772 oonsuletum
768 2712 844 2768 Vale-
852 2723 890 2780 34
