2026 2992
111 210 114 218 Ι
273 141 472 192 emmenum
489 143 532 196 1v.
550 145 621 193 8-6.
797 97 858 200 137Ι

45 200 184 320 mdia,
197 252 256 310 dun
266 254 296 309 in
308 254 403 311 mesia
417 255 567 323 attinebant,
579 253 687 311 totidem
699 253 768 328 apud
779 256 842 314 Dat.

44 331 265 399 fflfiffllffifib
282 349 347 402 (1118,
411 332 418 346 '
514 331 842 406 'nisatmgoillisaosi

43 409 206 479 repentium
227 336 841 481 auxiliumfflqiodffifflwmw.

43 485 172 551 eireutnr3
192 501 348 556 quamquam
368 485 489 542 insideret
510 487 601 543 urbem
620 487 738 558 proprius
759 486 839 557 miles,

42 564 93 616 tres
109 561 228 627 urbane,
246 579 340 617 uorem
357 563 481 634 praetoria
497 564 624 632 cohortes,
639 563 747 618 Etruria
760 563 840 620 terme

40 638 201 710 Umbriaque
218 637 332 704 delecta,
350 642 395 694 aut
412 643 499 696 vetere
514 639 592 696 Latio
610 643 637 696 et
653 639 760 696 ooloniia
773 641 850 716 Q

39 715 280 798 qum-Romanis.
318 716 355 770 At
370 715 439 786 apud
451 716 543 772 idonea
558 716 745 787 provintiarum
764 717 861 776 socias

38 791 155 847 triremes
180 791 282 862 mleque
305 794 333 846 et
357 792 450 847 auxiba
472 793 623 862 eohortium,
648 811 731 866 noque
757 793 839 849 multo

38 867 321 923 seensiniisvirium:
341 867 386 923 sed
401 870 518 940 persequi
528 870 656 925 ineertum
673 869 723 924 init
736 886 837 925 oumex

36 961 86 1000 usu
101 944 231 1016 temporis
250 944 301 999 huo
317 943 378 1000 illue
392 950 514 1011 mearent,
527 947 665 1016 gliseerent
679 963 792 1012 numero,
812 949 839 1002 et

37 1021 174 1090 aliquando
192 1020 381 1076 minuerentur.
417 1023 564 1093 Congruens
582 1021 733 1078 crediderim
753 1039 838 1078 reneu-

36 1115 91 1152 sere
108 1105 213 1154 eeteros
232 1114 335 1168 quoque
351 1097 390 1152 rei
406 1097 626 1169 publiemmartes,
645 1097 738 1170 quibus
756 1025 880 1173 modisfll

36 1173 68 1228 ad
83 1193 141 1230 eam
160 1174 231 1229 diem
250 1173 346 1230 habitae
363 1174 423 1239 sint,
442 1177 562 1246 quoniam
579 1173 681 1230 Tiberio
698 1176 792 1231 mutati
810 1176 839 1231 in
865 1177 869 1185 '

37 1249 148 1308 deterius
168 1250 331 1322 principatu
354 1251 456 1306 initium
476 1251 519 1307 ille
538 1269 619 1306 annus
645 1251 743 1307 attulit.
779 1209 872 1310 Jom2l

35 1327 145 1396 primum
165 1327 273 1399 publiea
291 1327 396 1398 negotia
413 1331 440 1383 et
460 1329 619 1399 privatorum
639 1328 749 1384 maxima
769 1328 838 1400 opud

37 1407 120 1472 putres
138 1403 332 1469 tractabantur,
351 1403 509 1476 dabaturque
527 1404 680 1476 primoribus
704 1404 835 1472 disserere,

38 1483 63 1533 et
74 1481 102 1535 in
118 1481 295 1538 adulationem
314 1480 399 1552 lapsos
414 1481 548 1537 oohibebat
559 1482 634 1552 ipse;
651 1481 837 1553 mandabatque

23 1554 152 1623 bonores,
178 1557 342 1612 nobilitatem
366 1543 700 1628 majffimiaritudinem
729 1559 835 1626 militiae,

37 1631 148 1688 illustres
165 1633 237 1688 domi
255 1637 324 1688 artes
344 1634 489 1704 spectando,
507 1639 538 1689 nt
557 1635 619 1690 setis
635 1638 764 1690 constaret
783 1565 865 1769 nortl

38 1707 97 1763 alios
114 1709 231 1781 potiores
247 1709 336 1765 inisse.
374 1711 426 1764 Sue
440 1710 596 1777 oonsulibus,
619 1729 666 1767 ene
683 1712 834 1783 praetoribus

38 1786 150 1854 specim
169 1787 296 1842 minorum
305 1803 405 1858 quoque
417 1789 612 1860 magistratuum
625 1789 738 1844 exercite
749 1793 835 1860 potes·

38 1865 91 1927 tas3
109 1861 240 1934 legesque,
260 1863 283 1918 si
300 1864 442 1932 majestatis
461 1865 568 1934 qurestio
586 1865 747 1932 eximeretur,
766 1866 834 1922 bouo

38 1936 144 1994 innon.
182 1941 219 1994 At
243 1939 375 1994 frumenta
397 1943 424 1993 et
447 1941 561 2010 peoumae
581 1941 726 2012 vectigales,
749 1946 857 2002 ceteras

36 2013 197 2082 publieorum
208 2015 349 2080 fiuetuum,
359 2015 524 2070 sooietatibus
534 2015 648 2087 equitum
662 2011 842 2074 Romanorum‘

36 2089 208 2160 agitabantur.
249 2091 304 2146 Res
329 2109 388 2146 snas
412 2092 499 2147 Caesar
522 2093 860 2224 splddAQ

36 2165 448 2250 ωε
468 2169 560 2224 manda
593 2173 622 2235 t;
641 2187 708 2225 eeme
719 2189 768 2242 que
789 2173 833 2226 arl-

35 2243 133 2314 sumpti
153 2243 308 2299 tenebantur
329 2261 434 2314 prorsus
456 2246 510 2300 sine
529 2245 613 2313 modo,
637 2263 695 2301 enm
719 2247 833 2322 plerique

36 2317 115 2373 isdem
127 2321 239 2391 negotiis
258 2320 456 2377 iuseueaoerent.
492 2321 584 2376 Plebes
602 2319 772 2396 aeriquidem
789 2342 854 2387 ran-q

37 2396 135 2449 nonai
163 2396 168 2407 '
309 2396 355 2451 sed
373 2397 486 2452 uullain
508 2415 539 2452 eo
560 2392 635 2468 entire
652 2416 682 2453 ex
699 2399 814 2470 principe

37 2472 97 2540 quin
116 2471 123 2484 ‘
154 2473 295 2528 eounditeti
312 2477 438 2528 terrerum
456 2477 501 2529 aut
519 2476 614 2545 asperis
632 2475 708 2529 maris
732 2475 831 2532 obviam

37 2546 73 2615 iit,
94 2553 219 2620 quantum
240 2548 369 2620 impendio
393 2549 574 2622 diligentiaque
595 2555 704 2620 poteret.
738 2551 774 2608 Et
798 2562 853 2613 no?

38 2625 172 2692 provincie
183 2626 256 2682 noris
268 2625 388 2682 oneribus
400 2627 575 2692 turbarentur,
586 2631 666 2698 utque
678 2631 764 2684 vetera
775 2627 829 2681 sine

40 2700 145 2757 avaritia
155 2706 199 2758 aut
210 2703 367 2760 erudelitate
373 2704 570 2775 magistratuum
587 2703 734 2765 tolerarent,
746 2701 829 2770 provi-
