1862 2952
148 96 196 144 206
485 95 606 143 'raom

733 151 917 206 [numanus

154 206 252 261 nullam
263 205 296 262 cb
308 205 426 261 eximiam
438 209 527 272 artem
540 205 587 261 sed
598 205 667 277 quud
677 223 724 278 par
737 204 836 276 negotiis
849 215 920 271 usque

156 301 187 338 su
205 301 234 336 ra
245 286 307 338 erat.

110 363 149 416 40
187 301 225 418 b
240 358 365 423 Plautius,
384 358 442 414 Seu
455 357 577 428 Papinius
595 357 712 414 consules
726 356 857 428 sequuntur.
886 351 917 406 lle

87 441 149 526 “pp-9⁰·
157 453 222 489 auno
234 434 252 470 *
260 435 279 471 *
286 435 305 471 *
316 452 398 505 neque
411 433 479 504 quod
490 435 522 488 L.
535 433 660 488 Aruseius
672 438 754 488 morte
765 430 917 492 affectiioreut

97 543 117 572 a
129 512 149 572 i.
157 509 320 572 assuetudine
332 511 456 565 mulorum
467 514 497 566 ut
510 515 584 565 atrox
596 511 790 575 advertebatur3
806 507 917 563 sedenter·

110 583 140 623 Μ
156 588 210 644 ruit
234 586 303 659 quod
326 587 470 642 Vibulenus
490 589 606 658 Agrippa
626 605 704 659 eques
730 587 853 648 Romanus,
871 597 918 636 cun

156 666 320 737 perorassent
332 667 499 728 accusatores,
513 664 540 717 in
551 664 608 734 ipsa
618 663 690 719 curia
705 663 863 734 depromptum
873 657 918 711 siu

156 760 282 798 venenum
293 740 386 804 hausit,
399 740 583 812 prolapsusque
599 758 629 795 ac
642 739 804 794 moribundus
818 731 917 791 salrab

156 819 276 875 lictorum
287 816 403 871 manibus
415 816 443 870 iu
455 834 583 872 carcerem
594 821 684 887 raptus
697 820 744 882 est,
753 815 871 882 faucesque
878 809 918 894 jau

136 895 281 950 texanimis
293 893 383 963 laqueo
392 896 498 948 vexata.
531 890 918 965 Nellgrmesquidemnrmm

158 970 283 1043 quondam
296 969 395 1040 potitus
412 987 442 1023 ac
459 973 522 1024 tunc
540 987 607 1035 reus,
627 970 729 1024 nomine
743 967 809 1038 regio
822 959 917 1046 supplidq

136 1049 251 1103 tcivium
269 1045 368 1116 effugit.
408 1046 446 1099 At
464 1045 493 1099 O.
508 1045 589 1100 Galba
606 1044 746 1101 consularis
763 1049 787 1098 et
804 1041 847 1096 duo
861 1037 917 1122 lile!

157 1123 299 1178 voluntario
312 1122 384 1176 exitu
395 1120 515 1186 cecidere,
525 1121 606 1176 Galba
617 1121 735 1177 tristibus
746 1115 916 1175 membrum
929 1157 930 1192 3

157 1193 930 1340 remurinusreilluminatus-

160 1369 238 1406 vacua
247 1350 355 1405 contulit
365 1349 394 1404 in
402 1349 471 1404 alios.
508 1349 587 1410 Quod
596 1351 698 1424 signum
707 1349 793 1405 mortis
803 1313 918 1424 intelam

138 1430 186 1482 aet
209 1426 313 1482 executi
337 1430 405 1481 suut.
450 1425 487 1481 Et
509 1427 614 1482 AEmilia
637 1426 743 1498 Lepida,
768 1442 836 1496 quam
853 1421 916 1492 juvffl

159 1504 245 1558 Druso
271 1507 378 1574 nuptam
407 1503 504 1568 rettuli,
535 1504 631 1559 crebris
658 1503 802 1559 criminibus
826 1496 916 1553 mult!

158 1581 291 1646 insectata,
308 1597 453 1656 quanquam
469 1579 631 1647 intestabilis,
648 1583 736 1636 tamen
751 1576 863 1649 impunita
877 1583 917 1640 agl·

158 1658 211 1723 bat,
229 1656 290 1712 dum
308 1656 433 1726 superfuit
450 1661 524 1727 pater
539 1657 665 1727 Lepidus:
690 1660 750 1728 post
767 1674 782 1711 a
798 1645 917 1709 aenaria

160 1736 297 1806 corripitur
316 1733 349 1788 ob
368 1752 469 1788 servum
487 1733 650 1799 adulterum
673 1753 722 1790 nec
740 1719 917 1808 dubitabatulq

160 1813 267 1883 flagitio.
312 1810 382 1883 Euge
410 1811 504 1865 omissa
532 1809 679 1867 defensioue
710 1812 786 1866 finem
815 1808 864 1862 vite
883 1795 916 1854 ⁸⁸¹

178 1891 256 1945 osuit.

114 1965 150 2016 41
160 1909 177 1961 p
195 1967 245 2020 Per
257 1965 324 2020 idem
335 1968 436 2035 tempus
449 1964 574 2019 Clitarum
585 1966 664 2031 natio,
675 1963 817 2036 Cappadoci
828 1957 897 2015 brol¹>

160 2041 283 2113 subjecta
302 2041 362 2111 quia
382 2045 497 2096 nostrum
518 2043 546 2096 iu
557 2042 662 2096 modum
681 2040 779 2095 deferre
791 2053 873 2100 census,
885 2047 924 2075 u*

159 2117 258 2172 tributa
275 2117 433 2188 adigebatur,
449 2118 477 2171 in
491 2118 555 2190 juga
570 2119 649 2173 Tauri
663 2117 758 2172 montis
776 2103 915 2191 sumsit?

160 2212 298 2265 corumque
323 2194 426 2266 iugenio
450 2212 506 2248 sese
530 2197 619 2249 eontra
642 2193 757 2249 imbelles
779 2192 842 2264 regis
859 2191 913 2254 0⁰1¹

160 2271 301 2336 tutabatur,
315 2271 395 2326 donec
410 2270 448 2325 M.
461 2271 602 2326 lbebellius
616 2272 727 2344 legatus,
743 2290 759 2326 a
774 2267 865 2326 Vitellio
875 2273 914 2332 pl*

161 2347 215 2402 side
232 2347 311 2418 Syria
327 2366 384 2401 eum
402 2352 523 2418 quattuor
539 2349 650 2404 millibus
662 2333 912 2421 legionauonmet*

161 2423 233 2476 lectis
242 2422 341 2476 auxiliis
351 2424 451 2488 missus,
464 2424 527 2480 duos
540 2425 616 2481 colles
626 2443 691 2497 quos
701 2417 873 2480 imbanniri·
912 2421 915 2454 ³

162 2497 265 2566 (nuuori
277 2496 367 2562 Cadra,
384 2499 457 2554 alteri
469 2501 572 2557 Davara
589 2520 684 2558 nomeu
702 2503 762 2570 est,)
776 2497 873 2572 operibus
886 2516 891 2533 ν
907 2554 909 2556 ,

161 2573 301 2638 cumdedit3
328 2578 355 2627 et
379 2593 510 2648 erumpere
532 2597 607 2636 ausos
628 2580 705 2648 ferro,
730 2583 826 2637 ceteros
844 2571 879 2636 sit
911 2599 912 2602 ¹

161 2648 314 2705 deditionem
326 2650 419 2720 coegit.
