1860 2956
26 183 127 235 nm]
224 124 420 176 sensurum
437 127 501 176 xrs.
523 129 627 178 ss-su
773 131 819 188 247

22 235 62 306 qni
70 235 168 291 deruis
180 238 208 290 et
219 236 379 306 propioribus
390 237 548 308 compendiis
560 240 652 302 sensu
660 237 736 296 obvio
743 237 813 298 hosti

19 319 44 368 et
60 314 138 369 selem
159 330 223 366 suso
242 312 299 383 plus
320 313 399 368 cludis
419 314 526 381 indunt,
546 321 574 372 et
592 314 679 387 prseds
694 315 812 388 tammus

20 390 99 446 munti
111 389 145 444 sd
156 392 271 444 montem
282 389 398 444 Taunum
410 395 584 459 resumuntur,
596 392 642 448 ubi
655 393 811 465 Pomponius

18 483 73 522 curn
91 465 237 538 legionibus
256 466 441 537 opperiebatur,
458 468 482 523 si
500 467 588 524 chatti
601 469 719 540 cupidine
737 469 813 526 ulcis·

18 542 88 598 uendi
110 560 200 598 essum
224 561 316 613 pugne
339 543 490 614 preberent.
527 546 571 601 Illi
594 551 673 611 metu,
697 565 730 602 ne
753 547 837 604 bino2

19 619 156 684 Romam
169 618 229 674 inde
241 619 372 686 Cherusci,
385 639 444 678 cum
455 623 516 694 quis
523 627 648 680 eternum
657 621 811 690 discordant,

18 694 288 767 circumgrsdereutur,
301 696 400 767 legatos
411 699 439 753 in
450 699 540 754 urbem
552 703 579 754 et
591 699 691 755 obsides
703 699 811 767 misere;

16 771 185 842 decretusque
196 772 336 842 Pomponio
347 774 509 846 triumphalis
527 776 616 843 honos,
635 775 735 832 modice
752 795 811 848 pars

14 849 89 980 Zilil?
98 849 158 920 ejus
169 848 237 919 opud
248 853 373 920 posteros,
385 851 485 922 inquis
497 851 637 908 omninum
654 852 735 924 gloria
750 871 811 925 pre·

46 1002 101 1056 Per
117 999 187 1055 idem
204 1003 305 1072 tempus
322 1002 447 1068 Vannius,
466 1004 556 1060 Snevis
574 1021 590 1058 s
607 1004 693 1060 Druso
712 1003 810 1060 Cesum
821 1015 857 1066 29

9 1079 158 1150 impositus,
175 1077 279 1148 pellitur
294 1097 391 1150 regn03
416 1080 498 1151 primo
513 1081 614 1152 imperii
633 1084 711 1136 setste
728 1079 810 1138 clerus

8 1160 186 1226 scceptnsque
198 1155 369 1226 popularibus,
379 1173 440 1211 mon
451 1156 621 1212 diuturnitate
629 1157 657 1212 in
669 1157 811 1228 superbiam

9 1236 124 1297 mutnus,
140 1236 166 1286 et
182 1231 240 1286 odio
256 1232 406 1298 accolarum,
423 1233 498 1288 simul
516 1234 661 1289 domesticis
680 1233 811 1290 dmcordiis

4 1310 210 1365 circumventus.
241 1310 374 1364 ductores
391 1309 463 1365 fuere
481 1309 601 1366 Vibillius
617 1309 834 1367 Hermundurc·2

7 1405 70 1442 rum
80 1405 138 1451 rex,
151 1389 178 1441 et
190 1385 290 1456 Vangio
302 1403 332 1440 sc
349 1385 410 1440 Sido
424 1405 511 1442 sorore
524 1387 618 1442 Vannii
629 1386 717 1458 geniti.
754 1387 811 1448 Nec

7 1463 146 1528 Claudius,
159 1481 303 1534 quenquam
315 1481 382 1534 ssepe
394 1467 489 1530 oratus,
503 1482 573 1519 mma
584 1463 741 1520 certantibus
754 1463 810 1518 ber-

7 1539 78 1596 bnris
90 1541 255 1612 interposuit,
268 1543 356 1595 tutum
372 1541 473 1596 Vannio
485 1541 631 1614 perfugium
648 1541 808 1612 promittens,

6 1617 201 1688 a'pelleretun
220 1617 371 1688 scripsitque
384 1617 415 1672 P.
427 1617 523 1674 Atellio
539 1618 640 1685 Histro,
652 1617 697 1689 qui
712 1617 810 1672 Penno-

4 1697 77 1749 ninm
96 1693 258 1766 presidebat,
277 1693 404 1766 legionem
426 1694 532 1766 ipseque
555 1714 570 1752 e
593 1693 722 1766 provincie
744 1693 811 1749 lectu

4 1773 107 1827 suxilic
119 1790 166 1842 pro
178 1771 234 1845 ripa
249 1774 419 1842 componeret,
435 1771 548 1828 subsidio
561 1772 635 1828 victis
648 1776 675 1828 et
686 1775 810 1826 tenorem

4 1849 136 1904 adversus
152 1849 268 1913 victores,
286 1866 318 1903 ne
332 1849 437 1902 tortum
448 1849 508 1904 elati
520 1853 634 1904 nostrum
651 1865 751 1919 quoque
767 1866 809 1919 pu·

9 1952 28 1973 .·
41 1952 55 1975 u
75 1925 223 1980 turbarent.
258 1925 328 1980 Num
338 1924 378 1980 ris
387 1924 520 1980 innumere
527 1925 596 1997 Ligii
606 1925 709 1997 elisoque
718 1929 807 1996 gentes
818 1932 832 1977 3

0 2031 9 2047 >1
23 2001 192 2067 ventabant,
211 2002 280 2056 sums
296 2001 357 2056 ditis
374 2002 454 2073 regui,
478 2001 547 2072 quod
565 2002 681 2058 Vannius
702 2000 809 2073 triginta

0 2104 29 2144 μ·
63 2097 150 2134 annos
167 2077 363 2150 praedationibus
379 2082 405 2132 et
422 2079 588 2150 vectigalibus
605 2082 716 2134 suxerat.
753 2077 832 2150 lpsit

0 2174 102 2210 siranus
114 2155 219 2226 proprie
229 2154 335 2224 pedites,
346 2173 424 2225 eques
436 2174 451 2209 e
464 2155 585 2212 Sarmatis
598 2154 732 2226 Imygibus
745 2159 808 2224 erut,

0 2251 91 2304 ¹..spur
115 2231 277 2286 multitudini
300 2231 427 2298 hostium
449 2250 530 2303 eoque
553 2232 664 2290 cistellis
687 2250 743 2288 sese
767 2230 808 2287 de·

0 2327 111 2364 essere
129 2308 275 2378 bellumque
293 2307 385 2364 ducere
403 2311 536 2364 statuerat.
573 2309 622 2364 Sed
638 2309 752 2380 lazyges,
764 2307 807 2364 ob·
818 2317 855 2370 30

2 2385 115 2441 'dionis
144 2383 306 2455 impatientes
333 2387 359 2439 et
385 2385 512 2455 proximos
541 2405 586 2458 per
612 2403 713 2456 compos
740 2385 806 2456 rugi,

5 2459 228 2518 eccssitudinem
246 2479 339 2532 pugne
360 2461 476 2527 attulere,
497 2462 557 2533 quie
571 2462 661 2534 Isigius
677 2462 808 2520 Hermun-

3 2556 145 2609 unusque
162 2537 214 2592 illic
237 2537 393 2609 ingmerent.
430 2537 517 2607 Igitur
541 2539 675 2610 degressus
699 2535 832 2592 custellis2

0 2620 129 2669 ''unnms
153 2613 272 2670 funditur
294 2613 401 2683 praelio;
423 2630 567 2682 quenquam
589 2613 665 2665 rebus
690 2609 809 2676 eduensis,

0 2691 133 2746 udatus
154 2689 224 2761 quod
240 2692 268 2744 et
285 2706 397 2758 pugnem
414 2705 492 2743 menn
509 2685 635 2754 capessiit,
656 2685 682 2734 et
705 2693 809 2742 corpore
