<?xml version="1.0" encoding="UTF-8"?>
<!DOCTYPE html PUBLIC "-//W3C//DTD XHTML 1.0 Transitional//EN"
    "http://www.w3.org/TR/xhtml1/DTD/xhtml1-transitional.dtd">
<html xmlns="http://www.w3.org/1999/xhtml" xml:lang="en" lang="en">
 <head>
  <title>
</title>
<meta http-equiv="Content-Type" content="text/html;charset=utf-8" />
  <meta name='ocr-system' content='tesseract 3.04.00' />
  <meta name='ocr-capabilities' content='ocr_page ocr_carea ocr_par ocr_line ocrx_word'/>
</head>
<body>
  <div class='ocr_page' id='page_1' title='image "./opera04tacigoog_0376.png"; bbox 0 0 1936 2968; ppageno 0'>
   <div class='ocr_carea' id='block_1_1' title="bbox 39 151 827 280">
    <p class='ocr_par' dir='ltr' id='par_1_1' title="bbox 39 151 827 280">
     <span class='ocr_line' id='line_1_1' title="bbox 39 151 827 280; baseline -0.004 -61"><span class='ocrx_word' id='word_1_1' title='bbox 39 205 156 280; x_wconf 47' lang='lat' dir='ltr'><strong>Lm,</strong></span> <span class='ocrx_word' id='word_1_2' title='bbox 240 155 436 218; x_wconf 75' lang='lat' dir='ltr'><strong>annaeum</strong></span> <span class='ocrx_word' id='word_1_3' title='bbox 454 164 508 218; x_wconf 84' lang='lat' dir='ltr'><strong>xv.</strong></span> <span class='ocrx_word' id='word_1_4' title='bbox 526 167 629 217; x_wconf 82' lang='lat' dir='ltr'><strong>ss-m.</strong></span> <span class='ocrx_word' id='word_1_5' title='bbox 777 151 827 216; x_wconf 77' lang='lat' dir='ltr'><strong>tet</strong></span> 
     </span>
    </p>
   </div>
   <div class='ocr_carea' id='block_1_2' title="bbox 38 266 853 426">
    <p class='ocr_par' dir='ltr' id='par_1_2' title="bbox 38 266 853 426">
     <span class='ocr_line' id='line_1_2' title="bbox 38 266 827 350; baseline -0.005 -14"><span class='ocrx_word' id='word_1_6' title='bbox 38 281 105 336; x_wconf 80' lang='lat' dir='ltr'><strong>terro</strong></span> <span class='ocrx_word' id='word_1_7' title='bbox 129 269 296 350; x_wconf 65' lang='lat' dir='ltr'><strong>gressuum,</strong></span> <span class='ocrx_word' id='word_1_8' title='bbox 307 266 309 290; x_wconf 68' lang='lat'><em>³</em></span> <span class='ocrx_word' id='word_1_9' title='bbox 321 271 421 350; x_wconf 76' lang='lat' dir='ltr'><strong>quando</strong></span> <span class='ocrx_word' id='word_1_10' title='bbox 444 279 569 334; x_wconf 71' lang='lat' dir='ltr'><strong>venenum</strong></span> <span class='ocrx_word' id='word_1_11' title='bbox 587 279 648 350; x_wconf 48' lang='lat' dir='ltr'><strong>tlon¹</strong></span> <span class='ocrx_word' id='word_1_12' title='bbox 662 277 827 348; x_wconf 64' lang='lat' dir='ltr'><strong>processerat.</strong></span> 
     </span>
     <span class='ocr_line' id='line_1_3' title="bbox 39 347 853 426; baseline -0.004 -16"><span class='ocrx_word' id='word_1_13' title='bbox 39 355 113 410; x_wconf 78' lang='lat' dir='ltr'><strong>Bolus</strong></span> <span class='ocrx_word' id='word_1_14' title='bbox 126 350 220 426; x_wconf 67' lang='lat' dir='ltr'><strong>quippe</strong></span> <span class='ocrx_word' id='word_1_15' title='bbox 231 347 332 408; x_wconf 73' lang='lat' dir='ltr'><strong>thbli&#39;s</strong></span> <span class='ocrx_word' id='word_1_16' title='bbox 349 358 375 410; x_wconf 86' lang='lat' dir='ltr'><strong>et</strong></span> <span class='ocrx_word' id='word_1_17' title='bbox 390 355 513 409; x_wconf 87' lang='lat' dir='ltr'><strong>hactenus</strong></span> <span class='ocrx_word' id='word_1_18' title='bbox 531 352 664 424; x_wconf 80' lang='lat' dir='ltr'><strong>p&#39;ro&#39;mp&#39;sit,</strong></span> <span class='ocrx_word' id='word_1_19' title='bbox 680 353 786 408; x_wconf 86' lang='lat' dir='ltr'><strong>missum</strong></span> <span class='ocrx_word' id='word_1_20' title='bbox 802 350 853 407; x_wconf 79' lang='lat' dir='ltr'><strong>se4</strong></span> 
     </span>
    </p>
   </div>
   <div class='ocr_carea' id='block_1_3' title="bbox 12 427 956 2864">
    <p class='ocr_par' dir='ltr' id='par_1_3' title="bbox 12 427 956 2864">
     <span class='ocr_line' id='line_1_4' title="bbox 38 427 831 502; baseline -0.003 -16"><span class='ocrx_word' id='word_1_21' title='bbox 38 431 70 486; x_wconf 79' lang='lat' dir='ltr'><strong>eu</strong></span> <span class='ocrx_word' id='word_1_22' title='bbox 81 427 207 502; x_wconf 77' lang='lat' dir='ltr'><strong>egrotum</strong></span> <span class='ocrx_word' id='word_1_23' title='bbox 221 427 349 495; x_wconf 73' lang='lat' dir='ltr'><strong>Senecam,</strong></span> <span class='ocrx_word' id='word_1_24' title='bbox 361 429 401 485; x_wconf 91' lang='lat' dir='ltr'><strong>uti</strong></span> <span class='ocrx_word' id='word_1_25' title='bbox 413 431 507 485; x_wconf 85' lang='lat' dir='ltr'><strong>viseret</strong></span> <span class='ocrx_word' id='word_1_26' title='bbox 522 432 768 500; x_wconf 75' lang='lat' dir='ltr'><strong>eoiquer&#39;ereturque</strong></span> <span class='ocrx_word' id='word_1_27' title='bbox 785 447 831 484; x_wconf 85' lang='lat' dir='ltr'><strong>cur</strong></span> 
     </span>
     <span class='ocr_line' id='line_1_5' title="bbox 36 503 831 571; baseline -0.001 -10"><span class='ocrx_word' id='word_1_28' title='bbox 36 506 159 562; x_wconf 77' lang='lat' dir='ltr'><strong>Pl&#39;s&#39;onem</strong></span> <span class='ocrx_word' id='word_1_29' title='bbox 171 503 366 561; x_wconf 65' lang='lat' dir='ltr'><strong>adltn&#39;trcer&#39;etz</strong></span> <span class='ocrx_word' id='word_1_30' title='bbox 384 506 475 561; x_wconf 85' lang='lat' dir='ltr'><strong>melius</strong></span> <span class='ocrx_word' id='word_1_31' title='bbox 492 506 555 571; x_wconf 84' lang='lat' dir='ltr'><strong>fore,</strong></span> <span class='ocrx_word' id='word_1_32' title='bbox 569 505 591 560; x_wconf 88' lang='lat' dir='ltr'><strong>si</strong></span> <span class='ocrx_word' id='word_1_33' title='bbox 607 506 743 560; x_wconf 77' lang='lat' dir='ltr'><strong>amicitiam</strong></span> <span class='ocrx_word' id='word_1_34' title='bbox 760 505 831 560; x_wconf 85' lang='lat' dir='ltr'><strong>fami·</strong></span> 
     </span>
     <span class='ocr_line' id='line_1_6' title="bbox 36 578 853 654; baseline 0.002 -16"><span class='ocrx_word' id='word_1_35' title='bbox 36 579 94 638; x_wconf 73' lang='lat' dir='ltr'><strong>but</strong></span> <span class='ocrx_word' id='word_1_36' title='bbox 106 581 436 653; x_wconf 72' lang='lat' dir='ltr'><strong>congressu‘exerouisseut.</strong></span> <span class='ocrx_word' id='word_1_37' title='bbox 473 581 509 637; x_wconf 76' lang='lat' dir='ltr'><strong>nt</strong></span> <span class='ocrx_word' id='word_1_38' title='bbox 523 578 683 654; x_wconf 88' lang='lat' dir='ltr'><strong>respondisse</strong></span> <span class='ocrx_word' id='word_1_39' title='bbox 701 583 853 648; x_wconf 64' lang='lat' dir='ltr'><strong>Senecam</strong></span> 
     </span>
     <span class='ocr_line' id='line_1_7' title="bbox 37 651 830 728; baseline -0.003 -12"><span class='ocrx_word' id='word_1_40' title='bbox 37 651 284 716; x_wconf 66' lang='lat' dir='ltr'><strong>remoramina</strong></span> <span class='ocrx_word' id='word_1_41' title='bbox 296 662 323 713; x_wconf 92' lang='lat' dir='ltr'><strong>et</strong></span> <span class='ocrx_word' id='word_1_42' title='bbox 335 658 423 714; x_wconf 83' lang='lat' dir='ltr'><strong>crebra</strong></span> <span class='ocrx_word' id='word_1_43' title='bbox 439 657 563 728; x_wconf 76' lang='lat' dir='ltr'><strong>colloquia</strong></span> <span class='ocrx_word' id='word_1_44' title='bbox 574 659 659 712; x_wconf 89' lang='lat' dir='ltr'><strong>neutri</strong></span> <span class='ocrx_word' id='word_1_45' title='bbox 675 659 830 725; x_wconf 66' lang='lat' dir='ltr'><strong>conducam</strong></span> 
     </span>
     <span class='ocr_line' id='line_1_8' title="bbox 36 733 830 791; baseline -0.003 0"><span class='ocrx_word' id='word_1_46' title='bbox 36 739 153 791; x_wconf 80' lang='lat' dir='ltr'><strong>aeterum</strong></span> <span class='ocrx_word' id='word_1_47' title='bbox 181 733 289 788; x_wconf 87' lang='lat' dir='ltr'><strong>salutem</strong></span> <span class='ocrx_word' id='word_1_48' title='bbox 317 751 389 789; x_wconf 88' lang='lat' dir='ltr'><strong>suam</strong></span> <span class='ocrx_word' id='word_1_49' title='bbox 417 733 591 790; x_wconf 79' lang='lat' dir='ltr'><strong>incolumitate</strong></span> <span class='ocrx_word' id='word_1_50' title='bbox 619 734 719 789; x_wconf 86' lang='lat' dir='ltr'><strong>Pisonis</strong></span> <span class='ocrx_word' id='word_1_51' title='bbox 747 735 830 789; x_wconf 90' lang='lat' dir='ltr'><strong>inniti.</strong></span> 
     </span>
     <span class='ocr_line' id='line_1_9' title="bbox 35 807 951 880; baseline 0.001 -12"><span class='ocrx_word' id='word_1_52' title='bbox 35 807 105 868; x_wconf 70' lang='lat' dir='ltr'><strong>nae</strong></span> <span class='ocrx_word' id='word_1_53' title='bbox 117 809 184 864; x_wconf 80' lang='lat' dir='ltr'><strong>ferre</strong></span> <span class='ocrx_word' id='word_1_54' title='bbox 196 810 299 866; x_wconf 71' lang='lat' dir='ltr'><strong>Gavius·</strong></span> <span class='ocrx_word' id='word_1_55' title='bbox 310 809 426 865; x_wconf 80' lang='lat' dir='ltr'><strong>Silvanus</strong></span> <span class='ocrx_word' id='word_1_56' title='bbox 444 810 562 865; x_wconf 85' lang='lat' dir='ltr'><strong>tribunus</strong></span> <span class='ocrx_word' id='word_1_57' title='bbox 575 811 699 880; x_wconf 71' lang='lat' dir='ltr'><strong>praetoriae</strong></span> <span class='ocrx_word' id='word_1_58' title='bbox 711 811 829 876; x_wconf 89' lang='lat' dir='ltr'><strong>cohortis,</strong></span> <span class='ocrx_word' id='word_1_59' title='bbox 839 821 854 868; x_wconf 85' lang='grc'><strong>6</strong></span> <span class='ocrx_word' id='word_1_60' title='bbox 949 816 951 820; x_wconf 85' lang='grc'><strong>’</strong></span> 
     </span>
     <span class='ocr_line' id='line_1_10' title="bbox 34 881 832 958; baseline -0.001 -14"><span class='ocrx_word' id='word_1_61' title='bbox 34 883 112 964; x_wconf 69' lang='lat' dir='ltr'><strong>ellan</strong></span> <span class='ocrx_word' id='word_1_62' title='bbox 119 885 188 941; x_wconf 86' lang='lat' dir='ltr'><strong>dicte</strong></span> <span class='ocrx_word' id='word_1_63' title='bbox 198 881 300 941; x_wconf 77' lang='lat' dir='ltr'><strong>Natalis</strong></span> <span class='ocrx_word' id='word_1_64' title='bbox 308 905 405 958; x_wconf 90' lang='lat' dir='ltr'><strong>suaque</strong></span> <span class='ocrx_word' id='word_1_65' title='bbox 416 890 659 958; x_wconf 83' lang='lat' dir='ltr'><strong>responsanosceret</strong></span> <span class='ocrx_word' id='word_1_66' title='bbox 671 888 832 958; x_wconf 87' lang='lat' dir='ltr'><strong>percunctari</strong></span> 
     </span>
     <span class='ocr_line' id='line_1_11' title="bbox 35 957 854 1040; baseline -0.002 -20"><span class='ocrx_word' id='word_1_67' title='bbox 35 957 163 1040; x_wconf 71' lang='lat' dir='ltr'><strong>Seireclim</strong></span> <span class='ocrx_word' id='word_1_68' title='bbox 176 959 288 1033; x_wconf 68' lang='lat' dir='ltr'><strong>jubetur}</strong></span> <span class='ocrx_word' id='word_1_69' title='bbox 324 961 359 1030; x_wconf 86' lang='lat' dir='ltr'><strong>Is,</strong></span> <span class='ocrx_word' id='word_1_70' title='bbox 375 961 490 1018; x_wconf 87' lang='lat' dir='ltr'><strong>fortean</strong></span> <span class='ocrx_word' id='word_1_71' title='bbox 508 963 626 1035; x_wconf 89' lang='lat' dir='ltr'><strong>prudens,</strong></span> <span class='ocrx_word' id='word_1_72' title='bbox 640 963 674 1017; x_wconf 87' lang='lat' dir='ltr'><strong>ad</strong></span> <span class='ocrx_word' id='word_1_73' title='bbox 690 983 748 1019; x_wconf 90' lang='lat' dir='ltr'><strong>eum</strong></span> <span class='ocrx_word' id='word_1_74' title='bbox 766 964 854 1025; x_wconf 64' lang='lat' dir='ltr'><strong>diem?</strong></span> 
     </span>
     <span class='ocr_line' id='line_1_12' title="bbox 33 1032 833 1112; baseline -0.005 -14"><span class='ocrx_word' id='word_1_75' title='bbox 33 1033 72 1098; x_wconf 65' lang='lat' dir='ltr'><strong>ex</strong></span> <span class='ocrx_word' id='word_1_76' title='bbox 91 1032 231 1109; x_wconf 75' lang='lat' dir='ltr'><strong>Campania</strong></span> <span class='ocrx_word' id='word_1_77' title='bbox 253 1043 416 1112; x_wconf 69' lang='lat' dir='ltr'><strong>remeaverat,</strong></span> <span class='ocrx_word' id='word_1_78' title='bbox 440 1043 609 1110; x_wconf 85' lang='lat' dir='ltr'><strong>quartumque</strong></span> <span class='ocrx_word' id='word_1_79' title='bbox 633 1039 701 1110; x_wconf 88' lang='lat' dir='ltr'><strong>apud</strong></span> <span class='ocrx_word' id='word_1_80' title='bbox 723 1037 833 1111; x_wconf 86' lang='lat' dir='ltr'><strong>lapidem</strong></span> 
     </span>
     <span class='ocr_line' id='line_1_13' title="bbox 33 1113 854 1186; baseline -0.005 -14"><span class='ocrx_word' id='word_1_81' title='bbox 33 1113 186 1174; x_wconf 78' lang='lat' dir='ltr'><strong>tuburbano</strong></span> <span class='ocrx_word' id='word_1_82' title='bbox 214 1131 274 1169; x_wconf 84' lang='lat' dir='ltr'><strong>rnre</strong></span> <span class='ocrx_word' id='word_1_83' title='bbox 298 1113 455 1170; x_wconf 79' lang='lat' dir='ltr'><strong>substiterat.</strong></span> <span class='ocrx_word' id='word_1_84' title='bbox 490 1113 540 1170; x_wconf 90' lang='lat' dir='ltr'><strong>lllo</strong></span> <span class='ocrx_word' id='word_1_85' title='bbox 563 1117 705 1186; x_wconf 87' lang='lat' dir='ltr'><strong>propinqua</strong></span> <span class='ocrx_word' id='word_1_86' title='bbox 727 1121 854 1186; x_wconf 72' lang='lat' dir='ltr'><strong>vesperas</strong></span> 
     </span>
     <span class='ocr_line' id='line_1_14' title="bbox 30 1186 832 1262; baseline -0.004 -15"><span class='ocrx_word' id='word_1_87' title='bbox 30 1186 160 1247; x_wconf 84' lang='lat' dir='ltr'><strong>tribunus</strong></span> <span class='ocrx_word' id='word_1_88' title='bbox 177 1191 256 1255; x_wconf 84' lang='lat' dir='ltr'><strong>venit,</strong></span> <span class='ocrx_word' id='word_1_89' title='bbox 274 1189 301 1244; x_wconf 87' lang='lat' dir='ltr'><strong>et</strong></span> <span class='ocrx_word' id='word_1_90' title='bbox 318 1189 403 1246; x_wconf 83' lang='lat' dir='ltr'><strong>villam</strong></span> <span class='ocrx_word' id='word_1_91' title='bbox 420 1190 502 1262; x_wconf 81' lang='lat' dir='ltr'><strong>globis</strong></span> <span class='ocrx_word' id='word_1_92' title='bbox 520 1191 629 1246; x_wconf 89' lang='lat' dir='ltr'><strong>militum</strong></span> <span class='ocrx_word' id='word_1_93' title='bbox 647 1191 734 1261; x_wconf 88' lang='lat' dir='ltr'><strong>saepsit</strong></span> <span class='ocrx_word' id='word_1_94' title='bbox 743 1214 751 1257; x_wconf 91' lang='lat'>;</span> <span class='ocrx_word' id='word_1_95' title='bbox 772 1188 832 1244; x_wconf 78' lang='lat' dir='ltr'><strong>&#39;tum</strong></span> 
     </span>
     <span class='ocr_line' id='line_1_15' title="bbox 31 1262 832 1340; baseline -0.001 -18"><span class='ocrx_word' id='word_1_96' title='bbox 31 1267 89 1340; x_wconf 82' lang='lat' dir='ltr'><strong>ipsi</strong></span> <span class='ocrx_word' id='word_1_97' title='bbox 113 1283 173 1322; x_wconf 90' lang='lat' dir='ltr'><strong>cum</strong></span> <span class='ocrx_word' id='word_1_98' title='bbox 195 1266 316 1336; x_wconf 88' lang='lat' dir='ltr'><strong>Pompeia</strong></span> <span class='ocrx_word' id='word_1_99' title='bbox 340 1262 447 1321; x_wconf 85' lang='lat' dir='ltr'><strong>Paulina</strong></span> <span class='ocrx_word' id='word_1_100' title='bbox 469 1283 549 1322; x_wconf 86' lang='lat' dir='ltr'><strong>uxore</strong></span> <span class='ocrx_word' id='word_1_101' title='bbox 573 1271 599 1322; x_wconf 88' lang='lat' dir='ltr'><strong>et</strong></span> <span class='ocrx_word' id='word_1_102' title='bbox 623 1267 709 1322; x_wconf 88' lang='lat' dir='ltr'><strong>amicis</strong></span> <span class='ocrx_word' id='word_1_103' title='bbox 734 1266 832 1322; x_wconf 87' lang='lat' dir='ltr'><strong>duobus</strong></span> 
     </span>
     <span class='ocr_line' id='line_1_16' title="bbox 31 1339 875 1417; baseline 0 -19"><span class='ocrx_word' id='word_1_104' title='bbox 31 1343 154 1417; x_wconf 76' lang='lat' dir='ltr'><strong>epulanti</strong></span> <span class='ocrx_word' id='word_1_105' title='bbox 172 1339 291 1397; x_wconf 77' lang='lat' dir='ltr'><strong>mandata</strong></span> <span class='ocrx_word' id='word_1_106' title='bbox 305 1343 465 1414; x_wconf 76' lang='lat' dir='ltr'><strong>imperatoris</strong></span> <span class='ocrx_word' id='word_1_107' title='bbox 483 1343 570 1398; x_wconf 88' lang='lat' dir='ltr'><strong>edidit.</strong></span> <span class='ocrx_word' id='word_1_108' title='bbox 607 1344 710 1409; x_wconf 85' lang='lat' dir='ltr'><strong>Seneca,</strong></span> <span class='ocrx_word' id='word_1_109' title='bbox 727 1345 875 1406; x_wconf 87' lang='lat' dir='ltr'><strong>missum6l</strong></span> 
     </span>
     <span class='ocr_line' id='line_1_17' title="bbox 32 1416 833 1490; baseline -0.002 -14"><span class='ocrx_word' id='word_1_110' title='bbox 32 1421 69 1476; x_wconf 81' lang='lat' dir='ltr'><strong>ad</strong></span> <span class='ocrx_word' id='word_1_111' title='bbox 85 1437 118 1474; x_wconf 87' lang='lat' dir='ltr'><strong>se</strong></span> <span class='ocrx_word' id='word_1_112' title='bbox 133 1417 253 1474; x_wconf 84' lang='lat' dir='ltr'><strong>Natalem</strong></span> <span class='ocrx_word' id='word_1_113' title='bbox 270 1422 487 1489; x_wconf 84' lang='lat' dir='ltr'><strong>conquestumque</strong></span> <span class='ocrx_word' id='word_1_114' title='bbox 503 1419 604 1474; x_wconf 85' lang='lat' dir='ltr'><strong>nomine</strong></span> <span class='ocrx_word' id='word_1_115' title='bbox 621 1416 720 1474; x_wconf 87' lang='lat' dir='ltr'><strong>Pisonis</strong></span> <span class='ocrx_word' id='word_1_116' title='bbox 738 1419 833 1490; x_wconf 85' lang='lat' dir='ltr'><strong>quoda</strong></span> 
     </span>
     <span class='ocr_line' id='line_1_18' title="bbox 31 1493 832 1566; baseline -0.004 -15"><span class='ocrx_word' id='word_1_117' title='bbox 31 1493 147 1554; x_wconf 76' lang='lat' dir='ltr'><strong>tiseudo</strong></span> <span class='ocrx_word' id='word_1_118' title='bbox 170 1511 200 1549; x_wconf 92' lang='lat' dir='ltr'><strong>eo</strong></span> <span class='ocrx_word' id='word_1_119' title='bbox 223 1494 408 1565; x_wconf 85' lang='lat' dir='ltr'><strong>prohiberetur,</strong></span> <span class='ocrx_word' id='word_1_120' title='bbox 432 1509 509 1566; x_wconf 88' lang='lat' dir='ltr'><strong>seque</strong></span> <span class='ocrx_word' id='word_1_121' title='bbox 532 1495 657 1550; x_wconf 87' lang='lat' dir='ltr'><strong>rationem</strong></span> <span class='ocrx_word' id='word_1_122' title='bbox 680 1495 832 1550; x_wconf 87' lang='lat' dir='ltr'><strong>valetudinis</strong></span> 
     </span>
     <span class='ocr_line' id='line_1_19' title="bbox 30 1569 855 1642; baseline -0.005 -12"><span class='ocrx_word' id='word_1_123' title='bbox 30 1577 62 1630; x_wconf 85' lang='lat' dir='ltr'><strong>et</strong></span> <span class='ocrx_word' id='word_1_124' title='bbox 75 1587 190 1628; x_wconf 86' lang='lat' dir='ltr'><strong>amorem</strong></span> <span class='ocrx_word' id='word_1_125' title='bbox 203 1571 295 1641; x_wconf 83' lang='lat' dir='ltr'><strong>quietis</strong></span> <span class='ocrx_word' id='word_1_126' title='bbox 307 1569 474 1636; x_wconf 78' lang='lat' dir='ltr'><strong>excusavisse,</strong></span> <span class='ocrx_word' id='word_1_127' title='bbox 485 1571 623 1642; x_wconf 69' lang='lat' dir='ltr'><strong>respoudit.</strong></span> <span class='ocrx_word' id='word_1_128' title='bbox 660 1571 714 1625; x_wconf 84' lang='lat' dir='ltr'><strong>Gur</strong></span> <span class='ocrx_word' id='word_1_129' title='bbox 725 1571 855 1626; x_wconf 70' lang='lat' dir='ltr'><strong>salutent</strong></span> 
     </span>
     <span class='ocr_line' id='line_1_20' title="bbox 35 1645 834 1712; baseline -0.005 -7"><span class='ocrx_word' id='word_1_130' title='bbox 35 1645 135 1705; x_wconf 79' lang='lat' dir='ltr'><strong>&#39;riveti</strong></span> <span class='ocrx_word' id='word_1_131' title='bbox 157 1646 266 1701; x_wconf 86' lang='lat' dir='ltr'><strong>hominis</strong></span> <span class='ocrx_word' id='word_1_132' title='bbox 293 1645 462 1701; x_wconf 78' lang='lat' dir='ltr'><strong>incolumitati</strong></span> <span class='ocrx_word' id='word_1_133' title='bbox 485 1659 538 1702; x_wconf 76' lang='lat' dir='ltr'><strong>sua</strong></span> <span class='ocrx_word' id='word_1_134' title='bbox 562 1647 707 1712; x_wconf 73' lang='lat' dir='ltr'><strong>anteferret,</strong></span> <span class='ocrx_word' id='word_1_135' title='bbox 732 1663 834 1702; x_wconf 87' lang='lat' dir='ltr'><strong>eausam</strong></span> 
     </span>
     <span class='ocr_line' id='line_1_21' title="bbox 28 1661 834 1796; baseline -0.006 -14"><span class='ocrx_word' id='word_1_136' title='bbox 28 1661 89 1782; x_wconf 65' lang='lat' dir='ltr'><strong>lon</strong></span> <span class='ocrx_word' id='word_1_137' title='bbox 102 1722 241 1788; x_wconf 60' lang='lat' dir='ltr'><strong>liubulam</strong></span> <span class='ocrx_word' id='word_1_138' title='bbox 258 1739 306 1778; x_wconf 88' lang='lat' dir='ltr'><strong>neo</strong></span> <span class='ocrx_word' id='word_1_139' title='bbox 322 1722 371 1778; x_wconf 85' lang='lat' dir='ltr'><strong>sibi</strong></span> <span class='ocrx_word' id='word_1_140' title='bbox 384 1728 530 1794; x_wconf 79' lang='lat' dir='ltr'><strong>promptum</strong></span> <span class='ocrx_word' id='word_1_141' title='bbox 546 1723 573 1777; x_wconf 88' lang='lat' dir='ltr'><strong>in</strong></span> <span class='ocrx_word' id='word_1_142' title='bbox 591 1723 747 1778; x_wconf 84' lang='lat' dir='ltr'><strong>adulationes</strong></span> <span class='ocrx_word' id='word_1_143' title='bbox 763 1722 834 1796; x_wconf 82' lang='lat' dir='ltr'><strong>inge·</strong></span> 
     </span>
     <span class='ocr_line' id='line_1_22' title="bbox 27 1795 855 1872; baseline -0.002 -14"><span class='ocrx_word' id='word_1_144' title='bbox 27 1803 121 1858; x_wconf 83' lang='lat' dir='ltr'><strong>ffium.</strong></span> <span class='ocrx_word' id='word_1_145' title='bbox 157 1797 239 1870; x_wconf 67' lang='lat' dir='ltr'><strong>quue</strong></span> <span class='ocrx_word' id='word_1_146' title='bbox 259 1797 324 1854; x_wconf 86' lang='lat' dir='ltr'><strong>nulli</strong></span> <span class='ocrx_word' id='word_1_147' title='bbox 341 1798 425 1870; x_wconf 69' lang='lat' dir='ltr'><strong>magis</strong></span> <span class='ocrx_word' id='word_1_148' title='bbox 443 1812 550 1870; x_wconf 80' lang='lat' dir='ltr'><strong>gnatum</strong></span> <span class='ocrx_word' id='word_1_149' title='bbox 568 1817 644 1870; x_wconf 84' lang='lat' dir='ltr'><strong>qoam</strong></span> <span class='ocrx_word' id='word_1_150' title='bbox 665 1799 771 1865; x_wconf 83' lang='lat' dir='ltr'><strong>Neroni,</strong></span> <span class='ocrx_word' id='word_1_151' title='bbox 790 1795 855 1872; x_wconf 83' lang='lat' dir='ltr'><strong>quia</strong></span> 
     </span>
     <span class='ocr_line' id='line_1_23' title="bbox 26 1871 834 1950; baseline -0.001 -19"><span class='ocrx_word' id='word_1_152' title='bbox 26 1878 135 1950; x_wconf 59' lang='lat' dir='ltr'><strong>saepius</strong></span> <span class='ocrx_word' id='word_1_153' title='bbox 158 1871 302 1930; x_wconf 82' lang='lat' dir='ltr'><strong>libertatem</strong></span> <span class='ocrx_word' id='word_1_154' title='bbox 327 1875 428 1932; x_wconf 82' lang='lat' dir='ltr'><strong>Senecae</strong></span> <span class='ocrx_word' id='word_1_155' title='bbox 457 1881 532 1946; x_wconf 88' lang='lat' dir='ltr'><strong>quam</strong></span> <span class='ocrx_word' id='word_1_156' title='bbox 560 1877 692 1931; x_wconf 86' lang='lat' dir='ltr'><strong>servitium</strong></span> <span class='ocrx_word' id='word_1_157' title='bbox 713 1881 834 1946; x_wconf 81' lang='lat' dir='ltr'><strong>expertus</strong></span> 
     </span>
     <span class='ocr_line' id='line_1_24' title="bbox 25 1947 857 2028; baseline -0.005 -17"><span class='ocrx_word' id='word_1_158' title='bbox 25 1955 118 2012; x_wconf 77' lang='lat' dir='ltr'><strong>esset.</strong></span> <span class='ocrx_word' id='word_1_159' title='bbox 154 1949 208 2007; x_wconf 86' lang='lat' dir='ltr'><strong>Ubi</strong></span> <span class='ocrx_word' id='word_1_160' title='bbox 219 1947 274 2006; x_wconf 83' lang='lat' dir='ltr'><strong>ltaec</strong></span> <span class='ocrx_word' id='word_1_161' title='bbox 286 1970 301 2006; x_wconf 89' lang='lat' dir='ltr'><strong>a</strong></span> <span class='ocrx_word' id='word_1_162' title='bbox 312 1952 415 2028; x_wconf 87' lang='lat' dir='ltr'><strong>tribuno</strong></span> <span class='ocrx_word' id='word_1_163' title='bbox 427 1951 508 2007; x_wconf 87' lang='lat' dir='ltr'><strong>relata</strong></span> <span class='ocrx_word' id='word_1_164' title='bbox 519 1955 580 2006; x_wconf 87' lang='lat' dir='ltr'><strong>sunt</strong></span> <span class='ocrx_word' id='word_1_165' title='bbox 591 1951 702 2023; x_wconf 86' lang='lat' dir='ltr'><strong>Poppaea</strong></span> <span class='ocrx_word' id='word_1_166' title='bbox 713 1955 739 2008; x_wconf 91' lang='lat' dir='ltr'><strong>et</strong></span> <span class='ocrx_word' id='word_1_167' title='bbox 751 1953 857 2024; x_wconf 67' lang='lat' dir='ltr'><strong>&#39;Egel-4</strong></span> 
     </span>
     <span class='ocr_line' id='line_1_25' title="bbox 24 2024 835 2100; baseline -0.002 -14"><span class='ocrx_word' id='word_1_168' title='bbox 24 2034 89 2090; x_wconf 89' lang='lat' dir='ltr'><strong>lino</strong></span> <span class='ocrx_word' id='word_1_169' title='bbox 113 2043 206 2094; x_wconf 83' lang='lat' dir='ltr'><strong>coram,</strong></span> <span class='ocrx_word' id='word_1_170' title='bbox 220 2024 288 2098; x_wconf 85' lang='lat' dir='ltr'><strong>quod</strong></span> <span class='ocrx_word' id='word_1_171' title='bbox 309 2032 364 2083; x_wconf 85' lang='lat' dir='ltr'><strong>erat</strong></span> <span class='ocrx_word' id='word_1_172' title='bbox 383 2029 498 2084; x_wconf 78' lang='lat' dir='ltr'><strong>suviami</strong></span> <span class='ocrx_word' id='word_1_173' title='bbox 509 2029 623 2100; x_wconf 59' lang='lat' dir='ltr'><strong>‚principi</strong></span> <span class='ocrx_word' id='word_1_174' title='bbox 640 2029 758 2084; x_wconf 88' lang='lat' dir='ltr'><strong>intimum</strong></span> <span class='ocrx_word' id='word_1_175' title='bbox 775 2047 835 2084; x_wconf 92' lang='lat' dir='ltr'><strong>con·</strong></span> 
     </span>
     <span class='ocr_line' id='line_1_26' title="bbox 23 2103 836 2176; baseline -0.001 -15"><span class='ocrx_word' id='word_1_176' title='bbox 23 2109 164 2171; x_wconf 58' lang='lat' dir='ltr'><strong>ciliorum,</strong></span> <span class='ocrx_word' id='word_1_177' title='bbox 188 2103 332 2176; x_wconf 77' lang='lat' dir='ltr'><strong>interrogat</strong></span> <span class='ocrx_word' id='word_1_178' title='bbox 353 2109 385 2159; x_wconf 88' lang='lat' dir='ltr'><strong>au</strong></span> <span class='ocrx_word' id='word_1_179' title='bbox 409 2103 506 2160; x_wconf 80' lang='lat' dir='ltr'><strong>Seneca</strong></span> <span class='ocrx_word' id='word_1_180' title='bbox 528 2105 698 2160; x_wconf 84' lang='lat' dir='ltr'><strong>voluntariam</strong></span> <span class='ocrx_word' id='word_1_181' title='bbox 726 2108 836 2160; x_wconf 87' lang='lat' dir='ltr'><strong>mortem</strong></span> 
     </span>
     <span class='ocr_line' id='line_1_27' title="bbox 22 2179 857 2260; baseline -0.001 -23"><span class='ocrx_word' id='word_1_182' title='bbox 22 2185 151 2260; x_wconf 72' lang='lat' dir='ltr'><strong>pararet.</strong></span> <span class='ocrx_word' id='word_1_183' title='bbox 187 2179 253 2236; x_wconf 82' lang='lat' dir='ltr'><strong>Tum</strong></span> <span class='ocrx_word' id='word_1_184' title='bbox 265 2181 384 2236; x_wconf 89' lang='lat' dir='ltr'><strong>tribunus</strong></span> <span class='ocrx_word' id='word_1_185' title='bbox 397 2181 466 2236; x_wconf 86' lang='lat' dir='ltr'><strong>nulla</strong></span> <span class='ocrx_word' id='word_1_186' title='bbox 477 2181 577 2252; x_wconf 80' lang='lat' dir='ltr'><strong>pavoris</strong></span> <span class='ocrx_word' id='word_1_187' title='bbox 590 2182 669 2252; x_wconf 85' lang='lat' dir='ltr'><strong>signa,</strong></span> <span class='ocrx_word' id='word_1_188' title='bbox 682 2181 746 2237; x_wconf 91' lang='lat' dir='ltr'><strong>nihil</strong></span> <span class='ocrx_word' id='word_1_189' title='bbox 760 2182 857 2242; x_wconf 82' lang='lat' dir='ltr'><strong>triste5</strong></span> 
     </span>
     <span class='ocr_line' id='line_1_28' title="bbox 19 2255 835 2330; baseline -0.002 -14"><span class='ocrx_word' id='word_1_190' title='bbox 19 2265 57 2322; x_wconf 81' lang='lat' dir='ltr'><strong>in</strong></span> <span class='ocrx_word' id='word_1_191' title='bbox 72 2257 166 2316; x_wconf 78' lang='lat' dir='ltr'><strong>verbis</strong></span> <span class='ocrx_word' id='word_1_192' title='bbox 182 2258 236 2329; x_wconf 87' lang='lat' dir='ltr'><strong>ejus</strong></span> <span class='ocrx_word' id='word_1_193' title='bbox 249 2260 294 2312; x_wconf 90' lang='lat' dir='ltr'><strong>aut</strong></span> <span class='ocrx_word' id='word_1_194' title='bbox 306 2255 380 2313; x_wconf 83' lang='lat' dir='ltr'><strong>vultu</strong></span> <span class='ocrx_word' id='word_1_195' title='bbox 393 2257 551 2330; x_wconf 88' lang='lat' dir='ltr'><strong>deprensum,</strong></span> <span class='ocrx_word' id='word_1_196' title='bbox 564 2259 729 2314; x_wconf 82' lang='lat' dir='ltr'><strong>confirmavit.</strong></span> <span class='ocrx_word' id='word_1_197' title='bbox 765 2259 835 2329; x_wconf 75' lang='lat' dir='ltr'><strong>Ergo</strong></span> 
     </span>
     <span class='ocr_line' id='line_1_29' title="bbox 18 2333 858 2411; baseline 0 -21"><span class='ocrx_word' id='word_1_198' title='bbox 18 2333 142 2411; x_wconf 68' lang='lat' dir='ltr'><strong>regredi</strong></span> <span class='ocrx_word' id='word_1_199' title='bbox 167 2338 194 2388; x_wconf 89' lang='lat' dir='ltr'><strong>et</strong></span> <span class='ocrx_word' id='word_1_200' title='bbox 217 2334 328 2389; x_wconf 83' lang='lat' dir='ltr'><strong>indicere</strong></span> <span class='ocrx_word' id='word_1_201' title='bbox 349 2339 458 2389; x_wconf 90' lang='lat' dir='ltr'><strong>mortem</strong></span> <span class='ocrx_word' id='word_1_202' title='bbox 480 2335 593 2405; x_wconf 86' lang='lat' dir='ltr'><strong>jubetur.</strong></span> <span class='ocrx_word' id='word_1_203' title='bbox 629 2335 718 2391; x_wconf 75' lang='lat' dir='ltr'><strong>Tradit</strong></span> <span class='ocrx_word' id='word_1_204' title='bbox 741 2335 858 2390; x_wconf 74' lang='lat' dir='ltr'><strong>Fabiust</strong></span> 
     </span>
     <span class='ocr_line' id='line_1_30' title="bbox 19 2411 836 2482; baseline -0.005 -12"><span class='ocrx_word' id='word_1_205' title='bbox 19 2413 168 2475; x_wconf 79' lang='lat' dir='ltr'><strong>Rusticus</strong></span> <span class='ocrx_word' id='word_1_206' title='bbox 177 2426 229 2465; x_wconf 90' lang='lat' dir='ltr'><strong>non</strong></span> <span class='ocrx_word' id='word_1_207' title='bbox 237 2428 267 2465; x_wconf 92' lang='lat' dir='ltr'><strong>eo</strong></span> <span class='ocrx_word' id='word_1_208' title='bbox 277 2429 328 2482; x_wconf 87' lang='lat' dir='ltr'><strong>quo</strong></span> <span class='ocrx_word' id='word_1_209' title='bbox 337 2419 442 2466; x_wconf 89' lang='lat' dir='ltr'><strong>venerat</strong></span> <span class='ocrx_word' id='word_1_210' title='bbox 454 2412 545 2467; x_wconf 87' lang='lat' dir='ltr'><strong>itinere</strong></span> <span class='ocrx_word' id='word_1_211' title='bbox 554 2411 672 2478; x_wconf 86' lang='lat' dir='ltr'><strong>reditum,</strong></span> <span class='ocrx_word' id='word_1_212' title='bbox 682 2412 727 2468; x_wconf 86' lang='lat' dir='ltr'><strong>aed</strong></span> <span class='ocrx_word' id='word_1_213' title='bbox 735 2412 836 2467; x_wconf 84' lang='lat' dir='ltr'><strong>flexisse</strong></span> 
     </span>
     <span class='ocr_line' id='line_1_31' title="bbox 17 2487 836 2560; baseline -0.005 -14"><span class='ocrx_word' id='word_1_214' title='bbox 17 2493 61 2553; x_wconf 66' lang='lat' dir='ltr'><strong>ad</strong></span> <span class='ocrx_word' id='word_1_215' title='bbox 76 2487 201 2546; x_wconf 80' lang='lat' dir='ltr'><strong>Faenium</strong></span> <span class='ocrx_word' id='word_1_216' title='bbox 218 2489 376 2559; x_wconf 77' lang='lat' dir='ltr'><strong>prefectum,</strong></span> <span class='ocrx_word' id='word_1_217' title='bbox 394 2493 420 2544; x_wconf 90' lang='lat' dir='ltr'><strong>et</strong></span> <span class='ocrx_word' id='word_1_218' title='bbox 439 2487 561 2560; x_wconf 83' lang='lat' dir='ltr'><strong>expositis</strong></span> <span class='ocrx_word' id='word_1_219' title='bbox 579 2489 687 2544; x_wconf 83' lang='lat' dir='ltr'><strong>Caesaris</strong></span> <span class='ocrx_word' id='word_1_220' title='bbox 703 2488 782 2560; x_wconf 88' lang='lat' dir='ltr'><strong>jussis</strong></span> <span class='ocrx_word' id='word_1_221' title='bbox 803 2498 836 2542; x_wconf 83' lang='lat' dir='ltr'><strong>en</strong></span> 
     </span>
     <span class='ocr_line' id='line_1_32' title="bbox 16 2565 836 2637; baseline -0.005 -17"><span class='ocrx_word' id='word_1_222' title='bbox 16 2569 231 2635; x_wconf 78' lang='lat' dir='ltr'><strong>obtemperaret</strong></span> <span class='ocrx_word' id='word_1_223' title='bbox 248 2565 452 2637; x_wconf 84' lang='lat' dir='ltr'><strong>interrogavisse,</strong></span> <span class='ocrx_word' id='word_1_224' title='bbox 466 2565 642 2634; x_wconf 88' lang='lat' dir='ltr'><strong>monitumque</strong></span> <span class='ocrx_word' id='word_1_225' title='bbox 654 2565 686 2620; x_wconf 88' lang='lat' dir='ltr'><strong>ab</strong></span> <span class='ocrx_word' id='word_1_226' title='bbox 698 2583 728 2620; x_wconf 91' lang='lat' dir='ltr'><strong>eo</strong></span> <span class='ocrx_word' id='word_1_227' title='bbox 746 2567 776 2617; x_wconf 88' lang='lat' dir='ltr'><strong>ut</strong></span> <span class='ocrx_word' id='word_1_228' title='bbox 795 2581 836 2617; x_wconf 89' lang='lat' dir='ltr'><strong>ex·</strong></span> 
     </span>
     <span class='ocr_line' id='line_1_33' title="bbox 15 2639 859 2722; baseline -0.011 -22"><span class='ocrx_word' id='word_1_229' title='bbox 15 2643 189 2722; x_wconf 62' lang='lat' dir='ltr'><strong>oqueretur,</strong></span> <span class='ocrx_word' id='word_1_230' title='bbox 210 2641 283 2696; x_wconf 80' lang='lat' dir='ltr'><strong>fatali</strong></span> <span class='ocrx_word' id='word_1_231' title='bbox 302 2642 414 2696; x_wconf 86' lang='lat' dir='ltr'><strong>omnium</strong></span> <span class='ocrx_word' id='word_1_232' title='bbox 432 2642 542 2713; x_wconf 82' lang='lat' dir='ltr'><strong>ignavia.</strong></span> <span class='ocrx_word' id='word_1_233' title='bbox 579 2641 648 2696; x_wconf 87' lang='lat' dir='ltr'><strong>Nam</strong></span> <span class='ocrx_word' id='word_1_234' title='bbox 671 2643 697 2694; x_wconf 89' lang='lat' dir='ltr'><strong>et</strong></span> <span class='ocrx_word' id='word_1_235' title='bbox 719 2639 859 2702; x_wconf 71' lang='lat' dir='ltr'><strong>Silvanusr</strong></span> 
     </span>
     <span class='ocr_line' id='line_1_34' title="bbox 12 2713 956 2791; baseline 0 -17"><span class='ocrx_word' id='word_1_236' title='bbox 12 2729 109 2790; x_wconf 59' lang='lat' dir='ltr'><strong>int&amp;</strong></span> <span class='ocrx_word' id='word_1_237' title='bbox 131 2719 278 2790; x_wconf 82' lang='lat' dir='ltr'><strong>conjuratos</strong></span> <span class='ocrx_word' id='word_1_238' title='bbox 301 2723 365 2788; x_wconf 86' lang='lat' dir='ltr'><strong>arat,</strong></span> <span class='ocrx_word' id='word_1_239' title='bbox 387 2719 547 2791; x_wconf 82' lang='lat' dir='ltr'><strong>augebatque</strong></span> <span class='ocrx_word' id='word_1_240' title='bbox 567 2718 663 2774; x_wconf 68' lang='lat' dir='ltr'><strong>acuere</strong></span> <span class='ocrx_word' id='word_1_241' title='bbox 680 2717 709 2772; x_wconf 89' lang='lat' dir='ltr'><strong>in</strong></span> <span class='ocrx_word' id='word_1_242' title='bbox 728 2713 837 2786; x_wconf 77' lang='lat' dir='ltr'><strong>quomm&#39;</strong></span> <span class='ocrx_word' id='word_1_243' title='bbox 926 2730 956 2774; x_wconf 77' lang='grc' dir='ltr'><strong><em>Δ</em></strong></span> 
     </span>
     <span class='ocr_line' id='line_1_35' title="bbox 40 2795 479 2864; baseline 0.002 -14"><span class='ocrx_word' id='word_1_244' title='bbox 40 2825 120 2864; x_wconf 66' lang='lat' dir='ltr'><strong>auc„</strong></span> <span class='ocrx_word' id='word_1_245' title='bbox 128 2817 185 2850; x_wconf 66' lang='lat'>1011.</span> <span class='ocrx_word' id='word_1_246' title='bbox 197 2815 215 2846; x_wconf 79' lang='lat'><strong>1·</strong></span> <span class='ocrx_word' id='word_1_247' title='bbox 431 2812 450 2850; x_wconf 82' lang='grc' dir='ltr'><strong><em>Β</em></strong></span> <span class='ocrx_word' id='word_1_248' title='bbox 461 2795 479 2851; x_wconf 83' lang='lat' dir='ltr'><strong>b</strong></span> 
     </span>
    </p>
   </div>
   <div class='ocr_carea' id='block_1_4' title="bbox 0 0 972 2968">
    <p class='ocr_par' dir='ltr' id='par_1_4' title="bbox 0 0 972 2968">
     <span class='ocr_line' id='line_1_36' title="bbox 0 0 972 2968; baseline 0 7"><span class='ocrx_word' id='word_1_249' title='bbox 0 0 972 2968; x_wconf 95' lang='lat' dir='ltr'><strong> </strong></span> 
     </span>
    </p>
   </div>
  </div>
 </body>
</html>
