<?xml version="1.0" encoding="UTF-8"?>
<!DOCTYPE html PUBLIC "-//W3C//DTD XHTML 1.0 Transitional//EN"
    "http://www.w3.org/TR/xhtml1/DTD/xhtml1-transitional.dtd">
<html xmlns="http://www.w3.org/1999/xhtml" xml:lang="en" lang="en">
 <head>
  <title>
</title>
<meta http-equiv="Content-Type" content="text/html;charset=utf-8" />
  <meta name='ocr-system' content='tesseract 3.04.00' />
  <meta name='ocr-capabilities' content='ocr_page ocr_carea ocr_par ocr_line ocrx_word'/>
</head>
<body>
  <div class='ocr_page' id='page_1' title='image "./opera04tacigoog_0287.png"; bbox 0 0 1860 2956; ppageno 0'>
   <div class='ocr_carea' id='block_1_1' title="bbox 93 111 898 224">
    <p class='ocr_par' dir='ltr' id='par_1_1' title="bbox 93 111 898 224">
     <span class='ocr_line' id='line_1_1' title="bbox 93 111 548 164; baseline -0.011 -1"><span class='ocrx_word' id='word_1_1' title='bbox 93 113 142 164; x_wconf 78' lang='lat' dir='ltr'><strong>m</strong></span> <span class='ocrx_word' id='word_1_2' title='bbox 428 111 548 159; x_wconf 70' lang='lat' dir='ltr'><strong>ulem</strong></span> 
     </span>
     <span class='ocr_line' id='line_1_2' title="bbox 724 172 898 224; baseline -0.011 -10"><span class='ocrx_word' id='word_1_3' title='bbox 724 174 762 224; x_wconf 73' lang='lat' dir='ltr'><strong>[a</strong></span> <span class='ocrx_word' id='word_1_4' title='bbox 773 173 805 213; x_wconf 85' lang='lat' dir='ltr'><strong>o.</strong></span> <span class='ocrx_word' id='word_1_5' title='bbox 815 173 839 213; x_wconf 85' lang='lat' dir='ltr'><strong>c</strong></span> <span class='ocrx_word' id='word_1_6' title='bbox 850 172 898 213; x_wconf 80' lang='lat' dir='ltr'><strong>aaa</strong></span> 
     </span>
    </p>
   </div>
   <div class='ocr_carea' id='block_1_2' title="bbox 30 221 914 2742">
    <p class='ocr_par' dir='ltr' id='par_1_2' title="bbox 30 221 914 2742">
     <span class='ocr_line' id='line_1_3' title="bbox 93 221 900 294; baseline 0 -16"><span class='ocrx_word' id='word_1_7' title='bbox 93 223 227 294; x_wconf 51' lang='lat' dir='ltr'><strong>excipere</strong></span> <span class='ocrx_word' id='word_1_8' title='bbox 244 223 347 277; x_wconf 85' lang='lat' dir='ltr'><strong>nomina</strong></span> <span class='ocrx_word' id='word_1_9' title='bbox 364 226 391 276; x_wconf 83' lang='lat' dir='ltr'><strong>ot</strong></span> <span class='ocrx_word' id='word_1_10' title='bbox 405 223 515 276; x_wconf 81' lang='lat' dir='ltr'><strong>virtuter</strong></span> <span class='ocrx_word' id='word_1_11' title='bbox 530 221 660 287; x_wconf 81' lang='lat' dir='ltr'><strong>nobilium,</strong></span> <span class='ocrx_word' id='word_1_12' title='bbox 680 224 728 294; x_wconf 87' lang='lat' dir='ltr'><strong>qui</strong></span> <span class='ocrx_word' id='word_1_13' title='bbox 743 224 900 278; x_wconf 81' lang='lat' dir='ltr'><strong>etiamtum</strong></span> 
     </span>
     <span class='ocr_line' id='line_1_4' title="bbox 93 299 900 371; baseline 0.002 -17"><span class='ocrx_word' id='word_1_14' title='bbox 93 304 248 371; x_wconf 81' lang='lat' dir='ltr'><strong>supererant,</strong></span> <span class='ocrx_word' id='word_1_15' title='bbox 270 300 298 353; x_wconf 91' lang='lat' dir='ltr'><strong>in</strong></span> <span class='ocrx_word' id='word_1_16' title='bbox 318 299 413 354; x_wconf 88' lang='lat' dir='ltr'><strong>honore</strong></span> <span class='ocrx_word' id='word_1_17' title='bbox 432 299 532 364; x_wconf 85' lang='lat' dir='ltr'><strong>habere,</strong></span> <span class='ocrx_word' id='word_1_18' title='bbox 555 299 628 370; x_wconf 84' lang='lat' dir='ltr'><strong>quasi</strong></span> <span class='ocrx_word' id='word_1_19' title='bbox 647 305 780 370; x_wconf 78' lang='lat' dir='ltr'><strong>quereret</strong></span> <span class='ocrx_word' id='word_1_20' title='bbox 804 300 900 356; x_wconf 88' lang='lat' dir='ltr'><strong>ducem</strong></span> 
     </span>
     <span class='ocr_line' id='line_1_5' title="bbox 70 375 900 448; baseline 0.006 -20"><span class='ocrx_word' id='word_1_21' title='bbox 70 381 223 448; x_wconf 63' lang='lat' dir='ltr'><strong>*etpanea</strong></span> <span class='ocrx_word' id='word_1_22' title='bbox 260 375 399 446; x_wconf 81' lang='lat' dir='ltr'><strong>Cognitum</strong></span> <span class='ocrx_word' id='word_1_23' title='bbox 408 375 436 430; x_wconf 93' lang='lat' dir='ltr'><strong>id</strong></span> <span class='ocrx_word' id='word_1_24' title='bbox 445 375 543 430; x_wconf 90' lang='lat' dir='ltr'><strong>Neroni</strong></span> <span class='ocrx_word' id='word_1_25' title='bbox 550 397 558 441; x_wconf 90' lang='lat'>;</span> <span class='ocrx_word' id='word_1_26' title='bbox 577 377 752 447; x_wconf 85' lang='lat' dir='ltr'><strong>excubiasque</strong></span> <span class='ocrx_word' id='word_1_27' title='bbox 761 378 900 444; x_wconf 81' lang='lat' dir='ltr'><strong>militares,</strong></span> 
     </span>
     <span class='ocr_line' id='line_1_6' title="bbox 93 452 901 523; baseline 0.004 -18"><span class='ocrx_word' id='word_1_28' title='bbox 93 471 156 523; x_wconf 72' lang='lat' dir='ltr'><strong>qum,</strong></span> <span class='ocrx_word' id='word_1_29' title='bbox 168 456 199 506; x_wconf 91' lang='lat' dir='ltr'><strong>nt</strong></span> <span class='ocrx_word' id='word_1_30' title='bbox 211 453 315 523; x_wconf 84' lang='lat' dir='ltr'><strong>conjugi</strong></span> <span class='ocrx_word' id='word_1_31' title='bbox 332 453 491 522; x_wconf 84' lang='lat' dir='ltr'><strong>imperatoris</strong></span> <span class='ocrx_word' id='word_1_32' title='bbox 508 452 640 519; x_wconf 88' lang='lat' dir='ltr'><strong>olim,tum</strong></span> <span class='ocrx_word' id='word_1_33' title='bbox 658 457 696 508; x_wconf 91' lang='lat' dir='ltr'><strong>ut·</strong></span> <span class='ocrx_word' id='word_1_34' title='bbox 705 455 798 519; x_wconf 86' lang='lat' dir='ltr'><strong>matri,</strong></span> <span class='ocrx_word' id='word_1_35' title='bbox 812 473 901 508; x_wconf 76' lang='lat' dir='ltr'><strong>serva-</strong></span> 
     </span>
     <span class='ocr_line' id='line_1_7' title="bbox 92 529 901 600; baseline 0.002 -16"><span class='ocrx_word' id='word_1_36' title='bbox 92 529 192 593; x_wconf 74' lang='lat' dir='ltr'><strong>bmtur,</strong></span> <span class='ocrx_word' id='word_1_37' title='bbox 208 534 235 583; x_wconf 94' lang='lat' dir='ltr'><strong>et</strong></span> <span class='ocrx_word' id='word_1_38' title='bbox 252 529 392 584; x_wconf 84' lang='lat' dir='ltr'><strong>Germanos</strong></span> <span class='ocrx_word' id='word_1_39' title='bbox 406 548 483 600; x_wconf 88' lang='lat' dir='ltr'><strong>snper</strong></span> <span class='ocrx_word' id='word_1_40' title='bbox 501 529 609 584; x_wconf 87' lang='lat' dir='ltr'><strong>eundem</strong></span> <span class='ocrx_word' id='word_1_41' title='bbox 625 529 754 584; x_wconf 85' lang='lat' dir='ltr'>honorem</span> <span class='ocrx_word' id='word_1_42' title='bbox 771 531 901 586; x_wconf 85' lang='lat' dir='ltr'><strong>custodes</strong></span> 
     </span>
     <span class='ocr_line' id='line_1_8' title="bbox 71 605 900 677; baseline 0.001 -16"><span class='ocrx_word' id='word_1_43' title='bbox 71 605 200 672; x_wconf 73' lang='lat' dir='ltr'><strong>tadditoe,</strong></span> <span class='ocrx_word' id='word_1_44' title='bbox 221 605 326 676; x_wconf 79' lang='lat' dir='ltr'>degredi</span> <span class='ocrx_word' id='word_1_45' title='bbox 341 606 423 677; x_wconf 86' lang='lat' dir='ltr'><strong>jubet.</strong></span> <span class='ocrx_word' id='word_1_46' title='bbox 459 609 499 661; x_wconf 82' lang='lat' dir='ltr'><strong>Ac</strong></span> <span class='ocrx_word' id='word_1_47' title='bbox 515 624 548 660; x_wconf 87' lang='lat' dir='ltr'><strong>ne</strong></span> <span class='ocrx_word' id='word_1_48' title='bbox 565 609 634 660; x_wconf 87' lang='lat' dir='ltr'><strong>coetu</strong></span> <span class='ocrx_word' id='word_1_49' title='bbox 651 606 832 662; x_wconf 81' lang='lat' dir='ltr'><strong>salutantium</strong></span> <span class='ocrx_word' id='word_1_50' title='bbox 851 607 900 661; x_wconf 77' lang='lat' dir='ltr'><strong>fre</strong></span> 
     </span>
     <span class='ocr_line' id='line_1_9' title="bbox 94 681 899 754; baseline 0.004 -18"><span class='ocrx_word' id='word_1_51' title='bbox 94 688 266 754; x_wconf 84' lang='lat' dir='ltr'><strong>quentaretur,</strong></span> <span class='ocrx_word' id='word_1_52' title='bbox 291 690 392 753; x_wconf 84' lang='lat' dir='ltr'><strong>separat</strong></span> <span class='ocrx_word' id='word_1_53' title='bbox 410 681 520 747; x_wconf 87' lang='lat' dir='ltr'><strong>domum,</strong></span> <span class='ocrx_word' id='word_1_54' title='bbox 543 686 702 752; x_wconf 88' lang='lat' dir='ltr'><strong>matremque</strong></span> <span class='ocrx_word' id='word_1_55' title='bbox 720 683 855 739; x_wconf 74' lang='lat' dir='ltr'><strong>transfert</strong></span> <span class='ocrx_word' id='word_1_56' title='bbox 872 683 899 738; x_wconf 89' lang='lat' dir='ltr'><strong>in</strong></span> 
     </span>
     <span class='ocr_line' id='line_1_10' title="bbox 93 759 897 830; baseline 0.001 -16"><span class='ocrx_word' id='word_1_57' title='bbox 93 777 149 814; x_wconf 82' lang='lat' dir='ltr'><strong>eam</strong></span> <span class='ocrx_word' id='word_1_58' title='bbox 161 777 216 830; x_wconf 74' lang='lat' dir='ltr'><strong>qua</strong></span> <span class='ocrx_word' id='word_1_59' title='bbox 228 759 346 813; x_wconf 65' lang='lat' dir='ltr'><strong>Antonin</strong></span> <span class='ocrx_word' id='word_1_60' title='bbox 355 759 456 825; x_wconf 81' lang='lat' dir='ltr'><strong>luerat;</strong></span> <span class='ocrx_word' id='word_1_61' title='bbox 475 759 592 830; x_wconf 87' lang='lat' dir='ltr'><strong>quotiens</strong></span> <span class='ocrx_word' id='word_1_62' title='bbox 601 759 656 829; x_wconf 89' lang='lat' dir='ltr'><strong>ipse</strong></span> <span class='ocrx_word' id='word_1_63' title='bbox 665 759 731 814; x_wconf 87' lang='lat' dir='ltr'><strong>illuc</strong></span> <span class='ocrx_word' id='word_1_64' title='bbox 743 761 897 824; x_wconf 76' lang='lat' dir='ltr'><strong>ventitaret,</strong></span> 
     </span>
     <span class='ocr_line' id='line_1_11' title="bbox 93 835 897 907; baseline 0 -17"><span class='ocrx_word' id='word_1_65' title='bbox 93 840 189 906; x_wconf 80' lang='lat' dir='ltr'><strong>saeptus</strong></span> <span class='ocrx_word' id='word_1_66' title='bbox 243 835 276 889; x_wconf 85' lang='lat' dir='ltr'><strong>ba</strong></span> <span class='ocrx_word' id='word_1_67' title='bbox 287 836 464 889; x_wconf 86' lang='lat' dir='ltr'><strong>centurionum</strong></span> <span class='ocrx_word' id='word_1_68' title='bbox 477 840 503 889; x_wconf 91' lang='lat' dir='ltr'><strong>et</strong></span> <span class='ocrx_word' id='word_1_69' title='bbox 515 840 573 906; x_wconf 84' lang='lat' dir='ltr'><strong>post</strong></span> <span class='ocrx_word' id='word_1_70' title='bbox 585 835 662 890; x_wconf 84' lang='lat' dir='ltr'><strong>breve</strong></span> <span class='ocrx_word' id='word_1_71' title='bbox 674 835 800 890; x_wconf 87' lang='lat' dir='ltr'><strong>osorrlum</strong></span> <span class='ocrx_word' id='word_1_72' title='bbox 812 835 897 907; x_wconf 82' lang='lat' dir='ltr'><strong>digre-</strong></span> 
     </span>
     <span class='ocr_line' id='line_1_12' title="bbox 51 911 896 968; baseline 0.005 -6"><span class='ocrx_word' id='word_1_73' title='bbox 51 911 172 966; x_wconf 84' lang='lat' dir='ltr'><strong>l9diens.</strong></span> <span class='ocrx_word' id='word_1_74' title='bbox 238 911 283 966; x_wconf 84' lang='lat' dir='ltr'><strong>ihil</strong></span> <span class='ocrx_word' id='word_1_75' title='bbox 294 929 379 966; x_wconf 88' lang='lat' dir='ltr'><strong>rernm</strong></span> <span class='ocrx_word' id='word_1_76' title='bbox 390 911 536 965; x_wconf 74' lang='lat' dir='ltr'><strong>mortalium</strong></span> <span class='ocrx_word' id='word_1_77' title='bbox 553 916 605 964; x_wconf 83' lang='lat' dir='ltr'><strong>tam</strong></span> <span class='ocrx_word' id='word_1_78' title='bbox 617 911 741 966; x_wconf 86' lang='lat' dir='ltr'><strong>instabile</strong></span> <span class='ocrx_word' id='word_1_79' title='bbox 753 931 785 968; x_wconf 88' lang='lat' dir='ltr'><strong>ao</strong></span> <span class='ocrx_word' id='word_1_80' title='bbox 797 913 896 967; x_wconf 83' lang='lat' dir='ltr'><strong>fluxum</strong></span> 
     </span>
     <span class='ocr_line' id='line_1_13' title="bbox 30 981 896 1058; baseline 0.005 -17"><span class='ocrx_word' id='word_1_81' title='bbox 30 998 64 1016; x_wconf 75' lang='grc'><strong>““</strong></span> <span class='ocrx_word' id='word_1_82' title='bbox 93 985 133 1041; x_wconf 82' lang='lat' dir='ltr'><strong>est</strong></span> <span class='ocrx_word' id='word_1_83' title='bbox 146 981 432 1058; x_wconf 76' lang='lat' dir='ltr'><strong>quamtamapotentie</strong></span> <span class='ocrx_word' id='word_1_84' title='bbox 443 1006 495 1042; x_wconf 89' lang='lat' dir='ltr'><strong>non</strong></span> <span class='ocrx_word' id='word_1_85' title='bbox 507 1006 553 1042; x_wconf 87' lang='lat' dir='ltr'><strong>sua</strong></span> <span class='ocrx_word' id='word_1_86' title='bbox 567 987 672 1042; x_wconf 82' lang='lat' dir='ltr'><strong>vinixa.</strong></span> <span class='ocrx_word' id='word_1_87' title='bbox 712 989 815 1044; x_wconf 78' lang='lat' dir='ltr'><strong>Statim</strong></span> <span class='ocrx_word' id='word_1_88' title='bbox 827 989 896 1044; x_wconf 74' lang='lat' dir='ltr'><strong>relic</strong></span> 
     </span>
     <span class='ocr_line' id='line_1_14' title="bbox 71 1063 895 1136; baseline 0.002 -17"><span class='ocrx_word' id='word_1_89' title='bbox 71 1069 147 1120; x_wconf 73' lang='lat' dir='ltr'><strong>rum</strong></span> <span class='ocrx_word' id='word_1_90' title='bbox 157 1064 304 1135; x_wconf 75' lang='lat' dir='ltr'><strong>Agrippinae</strong></span> <span class='ocrx_word' id='word_1_91' title='bbox 312 1063 396 1118; x_wconf 83' lang='lat' dir='ltr'><strong>limen</strong></span> <span class='ocrx_word' id='word_1_92' title='bbox 432 1063 516 1118; x_wconf 90' lang='lat' dir='ltr'><strong>Nemo</strong></span> <span class='ocrx_word' id='word_1_93' title='bbox 525 1063 609 1126; x_wconf 78' lang='lat' dir='ltr'><strong>solari,</strong></span> <span class='ocrx_word' id='word_1_94' title='bbox 620 1080 695 1117; x_wconf 90' lang='lat' dir='ltr'><strong>nemo</strong></span> <span class='ocrx_word' id='word_1_95' title='bbox 705 1063 792 1130; x_wconf 84' lang='lat' dir='ltr'><strong>adire,</strong></span> <span class='ocrx_word' id='word_1_96' title='bbox 802 1070 895 1136; x_wconf 80' lang='lat' dir='ltr'><strong>praeter</strong></span> 
     </span>
     <span class='ocr_line' id='line_1_15' title="bbox 93 1141 894 1214; baseline 0.002 -19"><span class='ocrx_word' id='word_1_97' title='bbox 93 1159 186 1212; x_wconf 62' lang='lat' dir='ltr'><strong>macas</strong></span> <span class='ocrx_word' id='word_1_98' title='bbox 203 1141 318 1205; x_wconf 81' lang='lat' dir='ltr'><strong>feminas,</strong></span> <span class='ocrx_word' id='word_1_99' title='bbox 336 1159 421 1196; x_wconf 90' lang='lat' dir='ltr'><strong>amore</strong></span> <span class='ocrx_word' id='word_1_100' title='bbox 438 1160 472 1195; x_wconf 89' lang='lat' dir='ltr'><strong>an</strong></span> <span class='ocrx_word' id='word_1_101' title='bbox 489 1141 547 1195; x_wconf 94' lang='lat' dir='ltr'><strong>odio</strong></span> <span class='ocrx_word' id='word_1_102' title='bbox 564 1141 699 1195; x_wconf 88' lang='lat' dir='ltr'><strong>incertum.</strong></span> <span class='ocrx_word' id='word_1_103' title='bbox 737 1141 783 1196; x_wconf 76' lang='lat' dir='ltr'><strong>Ex</strong></span> <span class='ocrx_word' id='word_1_104' title='bbox 803 1143 894 1214; x_wconf 83' lang='lat' dir='ltr'><strong>quibus</strong></span> 
     </span>
     <span class='ocr_line' id='line_1_16' title="bbox 93 1218 895 1290; baseline 0.002 -16"><span class='ocrx_word' id='word_1_105' title='bbox 93 1225 148 1274; x_wconf 89' lang='lat' dir='ltr'><strong>erat</strong></span> <span class='ocrx_word' id='word_1_106' title='bbox 158 1220 236 1274; x_wconf 87' lang='lat' dir='ltr'><strong>Junia</strong></span> <span class='ocrx_word' id='word_1_107' title='bbox 248 1220 340 1284; x_wconf 83' lang='lat' dir='ltr'><strong>Silana,</strong></span> <span class='ocrx_word' id='word_1_108' title='bbox 354 1238 429 1290; x_wconf 85' lang='lat' dir='ltr'><strong>quarn</strong></span> <span class='ocrx_word' id='word_1_109' title='bbox 437 1219 597 1274; x_wconf 74' lang='lat' dir='ltr'><strong>matrimonio</strong></span> <span class='ocrx_word' id='word_1_110' title='bbox 610 1219 638 1273; x_wconf 85' lang='lat' dir='ltr'><strong>G.</strong></span> <span class='ocrx_word' id='word_1_111' title='bbox 655 1218 710 1274; x_wconf 84' lang='lat' dir='ltr'><strong>Silii</strong></span> <span class='ocrx_word' id='word_1_112' title='bbox 725 1220 895 1276; x_wconf 68' lang='lat' dir='ltr'><strong>aMoesstim</strong></span> 
     </span>
     <span class='ocr_line' id='line_1_17' title="bbox 93 1296 892 1367; baseline 0.003 -17"><span class='ocrx_word' id='word_1_113' title='bbox 93 1296 224 1366; x_wconf 77' lang='lat' dir='ltr'><strong>depulsam</strong></span> <span class='ocrx_word' id='word_1_114' title='bbox 236 1315 313 1366; x_wconf 88' lang='lat' dir='ltr'><strong>supra</strong></span> <span class='ocrx_word' id='word_1_115' title='bbox 326 1297 422 1363; x_wconf 79' lang='lat' dir='ltr'><strong>rettuli,</strong></span> <span class='ocrx_word' id='word_1_116' title='bbox 441 1296 548 1366; x_wconf 86' lang='lat' dir='ltr'><strong>insignis</strong></span> <span class='ocrx_word' id='word_1_117' title='bbox 559 1314 661 1367; x_wconf 81' lang='lat' dir='ltr'><strong>genere,</strong></span> <span class='ocrx_word' id='word_1_118' title='bbox 673 1296 765 1362; x_wconf 80' lang='lat' dir='ltr'><strong>foruna,</strong></span> <span class='ocrx_word' id='word_1_119' title='bbox 780 1297 892 1361; x_wconf 69' lang='lat' dir='ltr'><strong>hsidvia</strong></span> 
     </span>
     <span class='ocr_line' id='line_1_18' title="bbox 94 1371 893 1444; baseline 0 -16"><span class='ocrx_word' id='word_1_120' title='bbox 94 1377 120 1428; x_wconf 86' lang='lat' dir='ltr'><strong>et</strong></span> <span class='ocrx_word' id='word_1_121' title='bbox 131 1373 279 1444; x_wconf 77' lang='lat' dir='ltr'><strong>Agrippina</strong></span> <span class='ocrx_word' id='word_1_122' title='bbox 290 1373 334 1427; x_wconf 89' lang='lat' dir='ltr'><strong>diu</strong></span> <span class='ocrx_word' id='word_1_123' title='bbox 346 1391 463 1443; x_wconf 66' lang='lat' dir='ltr'><strong>peream</strong></span> <span class='ocrx_word' id='word_1_124' title='bbox 482 1389 541 1426; x_wconf 85' lang='lat' dir='ltr'><strong>mox</strong></span> <span class='ocrx_word' id='word_1_125' title='bbox 552 1371 658 1426; x_wconf 88' lang='lat' dir='ltr'><strong>occultis</strong></span> <span class='ocrx_word' id='word_1_126' title='bbox 670 1372 801 1428; x_wconf 84' lang='lat' dir='ltr'><strong>intereas</strong></span> <span class='ocrx_word' id='word_1_127' title='bbox 815 1374 893 1428; x_wconf 80' lang='lat' dir='ltr'><strong>oden·</strong></span> 
     </span>
     <span class='ocr_line' id='line_1_19' title="bbox 94 1448 893 1520; baseline 0.003 -16"><span class='ocrx_word' id='word_1_128' title='bbox 94 1450 214 1517; x_wconf 81' lang='lat' dir='ltr'><strong>sionibus,</strong></span> <span class='ocrx_word' id='word_1_129' title='bbox 238 1449 298 1520; x_wconf 86' lang='lat' dir='ltr'><strong>quia</strong></span> <span class='ocrx_word' id='word_1_130' title='bbox 320 1449 435 1504; x_wconf 85' lang='lat' dir='ltr'><strong>Sextium</strong></span> <span class='ocrx_word' id='word_1_131' title='bbox 458 1449 606 1504; x_wconf 73' lang='lat' dir='ltr'><strong>Africanum</strong></span> <span class='ocrx_word' id='word_1_132' title='bbox 634 1448 744 1503; x_wconf 88' lang='lat' dir='ltr'><strong>nobilem</strong></span> <span class='ocrx_word' id='word_1_133' title='bbox 770 1451 893 1520; x_wconf 78' lang='lat' dir='ltr'><strong>juvenen</strong></span> 
     </span>
     <span class='ocr_line' id='line_1_20' title="bbox 94 1525 891 1597; baseline 0 -17"><span class='ocrx_word' id='word_1_134' title='bbox 94 1527 217 1597; x_wconf 87' lang='lat' dir='ltr'><strong>annptiis</strong></span> <span class='ocrx_word' id='word_1_135' title='bbox 235 1526 326 1581; x_wconf 76' lang='lat' dir='ltr'><strong>Silnnre</strong></span> <span class='ocrx_word' id='word_1_136' title='bbox 344 1525 502 1580; x_wconf 83' lang='lat' dir='ltr'><strong>deterruerat</strong></span> <span class='ocrx_word' id='word_1_137' title='bbox 519 1525 667 1596; x_wconf 81' lang='lat' dir='ltr'><strong>Agrippina,</strong></span> <span class='ocrx_word' id='word_1_138' title='bbox 686 1525 850 1596; x_wconf 86' lang='lat' dir='ltr'><strong>impudicam</strong></span> <span class='ocrx_word' id='word_1_139' title='bbox 867 1529 891 1580; x_wconf 87' lang='lat' dir='ltr'><strong>et</strong></span> 
     </span>
     <span class='ocr_line' id='line_1_21' title="bbox 94 1601 891 1675; baseline -0.003 -17"><span class='ocrx_word' id='word_1_140' title='bbox 94 1608 241 1675; x_wconf 80' lang='lat' dir='ltr'><strong>vergentem</strong></span> <span class='ocrx_word' id='word_1_141' title='bbox 253 1603 325 1657; x_wconf 85' lang='lat' dir='ltr'><strong>annis</strong></span> <span class='ocrx_word' id='word_1_142' title='bbox 336 1602 466 1667; x_wconf 84' lang='lat' dir='ltr'><strong>dictitans,</strong></span> <span class='ocrx_word' id='word_1_143' title='bbox 479 1620 531 1656; x_wconf 89' lang='lat' dir='ltr'><strong>non</strong></span> <span class='ocrx_word' id='word_1_144' title='bbox 542 1606 572 1656; x_wconf 91' lang='lat' dir='ltr'><strong>ut</strong></span> <span class='ocrx_word' id='word_1_145' title='bbox 589 1601 739 1656; x_wconf 82' lang='lat' dir='ltr'><strong>Africanum</strong></span> <span class='ocrx_word' id='word_1_146' title='bbox 750 1601 807 1657; x_wconf 87' lang='lat' dir='ltr'><strong>sibi</strong></span> <span class='ocrx_word' id='word_1_147' title='bbox 823 1619 891 1672; x_wconf 78' lang='lat' dir='ltr'><strong>sepo</strong></span> 
     </span>
     <span class='ocr_line' id='line_1_22' title="bbox 94 1677 889 1750; baseline -0.004 -17"><span class='ocrx_word' id='word_1_148' title='bbox 94 1684 173 1744; x_wconf 85' lang='lat' dir='ltr'><strong>neret,</strong></span> <span class='ocrx_word' id='word_1_149' title='bbox 184 1680 229 1735; x_wconf 85' lang='lat' dir='ltr'><strong>scd</strong></span> <span class='ocrx_word' id='word_1_150' title='bbox 235 1699 268 1734; x_wconf 89' lang='lat' dir='ltr'><strong>ne</strong></span> <span class='ocrx_word' id='word_1_151' title='bbox 277 1679 367 1750; x_wconf 89' lang='lat' dir='ltr'><strong>opibus</strong></span> <span class='ocrx_word' id='word_1_152' title='bbox 376 1683 402 1734; x_wconf 91' lang='lat' dir='ltr'><strong>et</strong></span> <span class='ocrx_word' id='word_1_153' title='bbox 411 1679 521 1734; x_wconf 81' lang='lat' dir='ltr'><strong>orbitate</strong></span> <span class='ocrx_word' id='word_1_154' title='bbox 528 1678 619 1733; x_wconf 77' lang='lat' dir='ltr'><strong>Silnnae</strong></span> <span class='ocrx_word' id='word_1_155' title='bbox 628 1677 736 1732; x_wconf 84' lang='lat' dir='ltr'><strong>maritus</strong></span> <span class='ocrx_word' id='word_1_156' title='bbox 745 1683 889 1748; x_wconf 89' lang='lat' dir='ltr'><strong>poteretur.</strong></span> 
     </span>
     <span class='ocr_line' id='line_1_23' title="bbox 72 1755 890 1827; baseline -0.006 -12"><span class='ocrx_word' id='word_1_157' title='bbox 72 1756 150 1821; x_wconf 75' lang='lat' dir='ltr'><strong>tIlla,</strong></span> <span class='ocrx_word' id='word_1_158' title='bbox 164 1775 209 1827; x_wconf 84' lang='lat' dir='ltr'><strong>spo</strong></span> <span class='ocrx_word' id='word_1_159' title='bbox 219 1756 325 1811; x_wconf 88' lang='lat' dir='ltr'><strong>ultionis</strong></span> <span class='ocrx_word' id='word_1_160' title='bbox 336 1755 428 1820; x_wconf 71' lang='lat' dir='ltr'><strong>oblata</strong></span> <span class='ocrx_word' id='word_1_161' title='bbox 442 1761 515 1826; x_wconf 78' lang='lat' dir='ltr'><strong>paret</strong></span> <span class='ocrx_word' id='word_1_162' title='bbox 531 1757 689 1809; x_wconf 76' lang='lat' dir='ltr'><strong>accusatores</strong></span> <span class='ocrx_word' id='word_1_163' title='bbox 702 1772 736 1808; x_wconf 85' lang='lat' dir='ltr'><strong>ex</strong></span> <span class='ocrx_word' id='word_1_164' title='bbox 752 1755 890 1810; x_wconf 72' lang='lat' dir='ltr'><strong>clientibus</strong></span> 
     </span>
     <span class='ocr_line' id='line_1_24' title="bbox 94 1831 889 1901; baseline -0.003 -15"><span class='ocrx_word' id='word_1_165' title='bbox 94 1833 156 1897; x_wconf 88' lang='lat' dir='ltr'><strong>suis,</strong></span> <span class='ocrx_word' id='word_1_166' title='bbox 169 1833 281 1887; x_wconf 83' lang='lat' dir='ltr'><strong>Iturium</strong></span> <span class='ocrx_word' id='word_1_167' title='bbox 299 1836 325 1887; x_wconf 90' lang='lat' dir='ltr'><strong>et</strong></span> <span class='ocrx_word' id='word_1_168' title='bbox 338 1832 492 1898; x_wconf 68' lang='lat' dir='ltr'><strong>Calvisium</strong></span> <span class='ocrx_word' id='word_1_169' title='bbox 510 1848 563 1885; x_wconf 88' lang='lat' dir='ltr'><strong>non</strong></span> <span class='ocrx_word' id='word_1_170' title='bbox 579 1835 666 1885; x_wconf 82' lang='lat' dir='ltr'><strong>vetera</strong></span> <span class='ocrx_word' id='word_1_171' title='bbox 681 1834 709 1884; x_wconf 93' lang='lat' dir='ltr'><strong>et</strong></span> <span class='ocrx_word' id='word_1_172' title='bbox 725 1832 826 1901; x_wconf 74' lang='lat' dir='ltr'><strong>saepius</strong></span> <span class='ocrx_word' id='word_1_173' title='bbox 841 1831 889 1901; x_wconf 84' lang='lat' dir='ltr'><strong>jam</strong></span> 
     </span>
     <span class='ocr_line' id='line_1_25' title="bbox 94 1903 914 1979; baseline 0 -18"><span class='ocrx_word' id='word_1_174' title='bbox 94 1909 182 1963; x_wconf 90' lang='lat' dir='ltr'><strong>audita</strong></span> <span class='ocrx_word' id='word_1_175' title='bbox 199 1907 323 1974; x_wconf 78' lang='lat' dir='ltr'><strong>delerem,</strong></span> <span class='ocrx_word' id='word_1_176' title='bbox 342 1908 410 1979; x_wconf 90' lang='lat' dir='ltr'><strong>quod</strong></span> <span class='ocrx_word' id='word_1_177' title='bbox 430 1907 572 1963; x_wconf 69' lang='lat' dir='ltr'><strong>Britannici</strong></span> <span class='ocrx_word' id='word_1_178' title='bbox 591 1910 699 1960; x_wconf 88' lang='lat' dir='ltr'><strong>mortem</strong></span> <span class='ocrx_word' id='word_1_179' title='bbox 720 1906 829 1978; x_wconf 84' lang='lat' dir='ltr'><strong>lugeret</strong></span> <span class='ocrx_word' id='word_1_180' title='bbox 848 1911 888 1961; x_wconf 81' lang='lat' dir='ltr'><strong>aut</strong></span> <span class='ocrx_word' id='word_1_181' title='bbox 909 1903 914 1912; x_wconf 89' lang='lat'>&#39;</span> 
     </span>
     <span class='ocr_line' id='line_1_26' title="bbox 94 1981 887 2057; baseline 0 -19"><span class='ocrx_word' id='word_1_182' title='bbox 94 1985 207 2040; x_wconf 73' lang='lat' dir='ltr'><strong>Octaviae</strong></span> <span class='ocrx_word' id='word_1_183' title='bbox 219 1985 323 2057; x_wconf 84' lang='lat' dir='ltr'><strong>injurias</strong></span> <span class='ocrx_word' id='word_1_184' title='bbox 335 1984 474 2056; x_wconf 74' lang='lat' dir='ltr'><strong>evulgaret,</strong></span> <span class='ocrx_word' id='word_1_185' title='bbox 488 1983 534 2038; x_wconf 86' lang='lat' dir='ltr'><strong>sed</strong></span> <span class='ocrx_word' id='word_1_186' title='bbox 545 1983 712 2038; x_wconf 77' lang='lat' dir='ltr'><strong>destinavisse</strong></span> <span class='ocrx_word' id='word_1_187' title='bbox 724 2001 784 2037; x_wconf 82' lang='lat' dir='ltr'><strong>eam</strong></span> <span class='ocrx_word' id='word_1_188' title='bbox 796 1981 887 2038; x_wconf 82' lang='lat' dir='ltr'><strong>Ruhel</strong></span> 
     </span>
     <span class='ocr_line' id='line_1_27' title="bbox 94 2059 886 2132; baseline -0.001 -18"><span class='ocrx_word' id='word_1_189' title='bbox 94 2059 157 2114; x_wconf 89' lang='lat' dir='ltr'><strong>lium</strong></span> <span class='ocrx_word' id='word_1_190' title='bbox 174 2061 303 2126; x_wconf 81' lang='lat' dir='ltr'><strong>Plautum,</strong></span> <span class='ocrx_word' id='word_1_191' title='bbox 322 2079 368 2132; x_wconf 83' lang='lat' dir='ltr'><strong>por</strong></span> <span class='ocrx_word' id='word_1_192' title='bbox 387 2065 527 2115; x_wconf 78' lang='lat' dir='ltr'><strong>maternam</strong></span> <span class='ocrx_word' id='word_1_193' title='bbox 545 2059 668 2130; x_wconf 78' lang='lat' dir='ltr'><strong>originem</strong></span> <span class='ocrx_word' id='word_1_194' title='bbox 687 2059 744 2128; x_wconf 83' lang='lat' dir='ltr'><strong>pari</strong></span> <span class='ocrx_word' id='word_1_195' title='bbox 767 2077 800 2114; x_wconf 80' lang='lat' dir='ltr'><strong>ac</strong></span> <span class='ocrx_word' id='word_1_196' title='bbox 821 2059 886 2114; x_wconf 85' lang='lat' dir='ltr'><strong>Nero</strong></span> 
     </span>
     <span class='ocr_line' id='line_1_28' title="bbox 94 2135 886 2208; baseline -0.001 -17"><span class='ocrx_word' id='word_1_197' title='bbox 94 2136 177 2208; x_wconf 80' lang='lat' dir='ltr'><strong>gradu</strong></span> <span class='ocrx_word' id='word_1_198' title='bbox 193 2153 209 2191; x_wconf 84' lang='lat' dir='ltr'><strong>a</strong></span> <span class='ocrx_word' id='word_1_199' title='bbox 226 2137 285 2193; x_wconf 87' lang='lat' dir='ltr'><strong>diro</strong></span> <span class='ocrx_word' id='word_1_200' title='bbox 302 2140 430 2208; x_wconf 82' lang='lat' dir='ltr'><strong>Augusto,</strong></span> <span class='ocrx_word' id='word_1_201' title='bbox 449 2135 482 2190; x_wconf 91' lang='lat' dir='ltr'><strong>ad</strong></span> <span class='ocrx_word' id='word_1_202' title='bbox 498 2155 539 2191; x_wconf 85' lang='lat' dir='ltr'><strong>res</strong></span> <span class='ocrx_word' id='word_1_203' title='bbox 557 2153 635 2191; x_wconf 86' lang='lat' dir='ltr'><strong>noras</strong></span> <span class='ocrx_word' id='word_1_204' title='bbox 653 2135 788 2201; x_wconf 82' lang='lat' dir='ltr'><strong>extollere,</strong></span> <span class='ocrx_word' id='word_1_205' title='bbox 806 2135 886 2206; x_wconf 80' lang='lat' dir='ltr'><strong>conju</strong></span> 
     </span>
     <span class='ocr_line' id='line_1_29' title="bbox 94 2211 885 2284; baseline 0 -18"><span class='ocrx_word' id='word_1_206' title='bbox 94 2213 187 2283; x_wconf 77' lang='lat' dir='ltr'><strong>gioque</strong></span> <span class='ocrx_word' id='word_1_207' title='bbox 199 2213 256 2283; x_wconf 84' lang='lat' dir='ltr'><strong>ejus</strong></span> <span class='ocrx_word' id='word_1_208' title='bbox 267 2217 294 2268; x_wconf 92' lang='lat' dir='ltr'><strong>ct</strong></span> <span class='ocrx_word' id='word_1_209' title='bbox 308 2215 362 2284; x_wconf 87' lang='lat' dir='ltr'><strong>jam</strong></span> <span class='ocrx_word' id='word_1_210' title='bbox 378 2213 484 2284; x_wconf 89' lang='lat' dir='ltr'><strong>irnperio</strong></span> <span class='ocrx_word' id='word_1_211' title='bbox 499 2231 552 2267; x_wconf 89' lang='lat' dir='ltr'><strong>rem</strong></span> <span class='ocrx_word' id='word_1_212' title='bbox 570 2211 697 2283; x_wconf 80' lang='lat' dir='ltr'><strong>publicam</strong></span> <span class='ocrx_word' id='word_1_213' title='bbox 713 2229 808 2266; x_wconf 75' lang='lat' dir='ltr'><strong>rursus</strong></span> <span class='ocrx_word' id='word_1_214' title='bbox 823 2213 885 2266; x_wconf 69' lang='lat' dir='ltr'><strong>inre</strong></span> 
     </span>
     <span class='ocr_line' id='line_1_30' title="bbox 72 2286 884 2356; baseline 0 -15"><span class='ocrx_word' id='word_1_215' title='bbox 72 2289 162 2342; x_wconf 64' lang='lat' dir='ltr'><strong>adore,</strong></span> <span class='ocrx_word' id='word_1_216' title='bbox 206 2289 273 2343; x_wconf 70' lang='lat' dir='ltr'><strong>Haeo</strong></span> <span class='ocrx_word' id='word_1_217' title='bbox 295 2290 395 2344; x_wconf 88' lang='lat' dir='ltr'><strong>Iturius</strong></span> <span class='ocrx_word' id='word_1_218' title='bbox 418 2293 445 2344; x_wconf 89' lang='lat' dir='ltr'><strong>et</strong></span> <span class='ocrx_word' id='word_1_219' title='bbox 470 2289 595 2344; x_wconf 83' lang='lat' dir='ltr'><strong>Calvisius</strong></span> <span class='ocrx_word' id='word_1_220' title='bbox 618 2288 742 2356; x_wconf 89' lang='lat' dir='ltr'><strong>Atimeto,</strong></span> <span class='ocrx_word' id='word_1_221' title='bbox 769 2286 884 2342; x_wconf 69' lang='lat' dir='ltr'><strong>Domit&#39;n</strong></span> 
     </span>
     <span class='ocr_line' id='line_1_31' title="bbox 94 2362 883 2434; baseline 0.006 -20"><span class='ocrx_word' id='word_1_222' title='bbox 94 2363 205 2416; x_wconf 86' lang='lat' dir='ltr'><strong>Neronis</strong></span> <span class='ocrx_word' id='word_1_223' title='bbox 228 2365 313 2426; x_wconf 78' lang='lat' dir='ltr'><strong>amite</strong></span> <span class='ocrx_word' id='word_1_224' title='bbox 335 2365 436 2430; x_wconf 89' lang='lat' dir='ltr'><strong>liberto,</strong></span> <span class='ocrx_word' id='word_1_225' title='bbox 457 2366 582 2434; x_wconf 89' lang='lat' dir='ltr'><strong>aperiunt.</strong></span> <span class='ocrx_word' id='word_1_226' title='bbox 619 2363 672 2424; x_wconf 79' lang='lat' dir='ltr'><strong>Qui</strong></span> <span class='ocrx_word' id='word_1_227' title='bbox 695 2363 774 2419; x_wconf 78' lang='lat' dir='ltr'><strong>letus</strong></span> <span class='ocrx_word' id='word_1_228' title='bbox 798 2362 883 2419; x_wconf 74' lang='lat' dir='ltr'><strong>obhtt</strong></span> 
     </span>
     <span class='ocr_line' id='line_1_32' title="bbox 95 2438 882 2511; baseline 0.01 -23"><span class='ocrx_word' id='word_1_229' title='bbox 95 2438 199 2504; x_wconf 88' lang='lat' dir='ltr'><strong>(quippe</strong></span> <span class='ocrx_word' id='word_1_230' title='bbox 210 2438 278 2492; x_wconf 83' lang='lat' dir='ltr'><strong>inter</strong></span> <span class='ocrx_word' id='word_1_231' title='bbox 286 2440 454 2511; x_wconf 79' lang='lat' dir='ltr'><strong>Agrippinam</strong></span> <span class='ocrx_word' id='word_1_232' title='bbox 466 2447 493 2496; x_wconf 90' lang='lat' dir='ltr'><strong>et</strong></span> <span class='ocrx_word' id='word_1_233' title='bbox 500 2442 640 2497; x_wconf 88' lang='lat' dir='ltr'><strong>Domitiam</strong></span> <span class='ocrx_word' id='word_1_234' title='bbox 651 2441 753 2496; x_wconf 82' lang='lat' dir='ltr'><strong>infensa</strong></span> <span class='ocrx_word' id='word_1_235' title='bbox 761 2439 882 2498; x_wconf 72' lang='lat' dir='ltr'><strong>emulrto</strong></span> 
     </span>
     <span class='ocr_line' id='line_1_33' title="bbox 93 2511 883 2591; baseline 0.016 -30"><span class='ocrx_word' id='word_1_236' title='bbox 93 2511 277 2580; x_wconf 86' lang='lat' dir='ltr'><strong>exercebatur,)</strong></span> <span class='ocrx_word' id='word_1_237' title='bbox 297 2515 416 2570; x_wconf 87' lang='lat' dir='ltr'><strong>Paridem</strong></span> <span class='ocrx_word' id='word_1_238' title='bbox 437 2519 595 2585; x_wconf 83' lang='lat' dir='ltr'><strong>histrionem,</strong></span> <span class='ocrx_word' id='word_1_239' title='bbox 617 2519 739 2575; x_wconf 86' lang='lat' dir='ltr'><strong>libertum</strong></span> <span class='ocrx_word' id='word_1_240' title='bbox 760 2525 789 2576; x_wconf 89' lang='lat' dir='ltr'><strong>et</strong></span> <span class='ocrx_word' id='word_1_241' title='bbox 806 2521 883 2591; x_wconf 76' lang='lat' dir='ltr'><strong>ipsun</strong></span> 
     </span>
     <span class='ocr_line' id='line_1_34' title="bbox 91 2581 883 2666; baseline 0.003 -21"><span class='ocrx_word' id='word_1_242' title='bbox 91 2581 218 2645; x_wconf 65' lang='lat' dir='ltr'><strong>D0mili⁸t</strong></span> <span class='ocrx_word' id='word_1_243' title='bbox 237 2585 339 2654; x_wconf 83' lang='lat' dir='ltr'><strong>impulit</strong></span> <span class='ocrx_word' id='word_1_244' title='bbox 357 2591 395 2642; x_wconf 91' lang='lat' dir='ltr'><strong>ire</strong></span> <span class='ocrx_word' id='word_1_245' title='bbox 416 2609 524 2662; x_wconf 84' lang='lat' dir='ltr'><strong>propere</strong></span> <span class='ocrx_word' id='word_1_246' title='bbox 543 2597 689 2666; x_wconf 78' lang='lat' dir='ltr'><strong>crimenque</strong></span> <span class='ocrx_word' id='word_1_247' title='bbox 709 2597 832 2652; x_wconf 75' lang='lat' dir='ltr'><strong>atrociter</strong></span> <span class='ocrx_word' id='word_1_248' title='bbox 848 2593 883 2647; x_wconf 82' lang='lat' dir='ltr'><strong>de·</strong></span> 
     </span>
     <span class='ocr_line' id='line_1_35' title="bbox 45 2645 882 2742; baseline 0.018 -32"><span class='ocrx_word' id='word_1_249' title='bbox 45 2645 164 2704; x_wconf 73' lang='lat' dir='ltr'>²⁰s011&#39;0·</span> <span class='ocrx_word' id='word_1_250' title='bbox 200 2656 326 2712; x_wconf 78' lang='lat' dir='ltr'><strong>Provecta</strong></span> <span class='ocrx_word' id='word_1_251' title='bbox 343 2677 395 2714; x_wconf 81' lang='lat' dir='ltr'><strong>nox</strong></span> <span class='ocrx_word' id='word_1_252' title='bbox 413 2670 477 2730; x_wconf 88' lang='lat' dir='ltr'><strong>erat,</strong></span> <span class='ocrx_word' id='word_1_253' title='bbox 497 2672 524 2722; x_wconf 89' lang='lat' dir='ltr'><strong>et</strong></span> <span class='ocrx_word' id='word_1_254' title='bbox 543 2671 643 2726; x_wconf 87' lang='lat' dir='ltr'><strong>Neroni</strong></span> <span class='ocrx_word' id='word_1_255' title='bbox 660 2690 707 2742; x_wconf 88' lang='lat' dir='ltr'><strong>per</strong></span> <span class='ocrx_word' id='word_1_256' title='bbox 725 2671 882 2728; x_wconf 73' lang='lat' dir='ltr'><strong>vinolentiam</strong></span> 
     </span>
    </p>
   </div>
   <div class='ocr_carea' id='block_1_3' title="bbox 84 2840 148 2914">
    <p class='ocr_par' dir='ltr' id='par_1_3' title="bbox 84 2840 148 2914">
     <span class='ocr_line' id='line_1_36' title="bbox 84 2840 148 2914; baseline 0 0"><span class='ocrx_word' id='word_1_257' title='bbox 84 2840 148 2914; x_wconf 62' lang='lat' dir='ltr'>h</span> 
     </span>
    </p>
   </div>
   <div class='ocr_carea' id='block_1_4' title="bbox 0 0 934 2956">
    <p class='ocr_par' dir='ltr' id='par_1_4' title="bbox 0 0 934 2956">
     <span class='ocr_line' id='line_1_37' title="bbox 0 0 934 2956; baseline 0 5"><span class='ocrx_word' id='word_1_258' title='bbox 0 0 934 2956; x_wconf 95' lang='lat' dir='ltr'><strong> </strong></span> 
     </span>
    </p>
   </div>
  </div>
 </body>
</html>
