1866 2944
58 183 63 188 ,
260 125 450 178 ananelum
468 129 506 178 11.
523 131 626 178 41-44.
794 127 823 176 m

21 197 48 236 Δ.
58 195 85 234 Ι).
97 192 144 241 la]

22 247 70 315 qni
83 245 161 296 sorte
174 243 222 292 aut
234 238 314 292 miaau
324 237 444 310 principia
456 240 609 295 obtinerent.
645 235 697 294 Sed
711 235 853 293 'liberiun

22 318 184 374 demoverat
215 314 289 384 Syria
311 313 440 370 Oreticum
464 316 584 380 Silanum,
608 331 654 385 per
681 312 829 368 affinitatem

21 410 181 452 oonnexum
193 389 351 454 Germauieo,
364 391 423 461 quia
435 392 514 446 Silani
527 391 580 446 ilie
595 389 694 446 Neroni
709 387 830 444 vetustia·

22 473 95 528 mmo
120 469 265 524 liberorum
288 466 343 536 ejus
366 473 441 537 penta
462 471 537 532 erat;
559 467 757 538 proeieeeratque
781 465 829 520 Cn

12 549 165 610 ,Pisonem
179 542 282 613 ingenio
294 541 432 598 violentum
443 547 470 599 et
481 543 596 614 obaeqmi
611 542 735 613 ignarum,
754 541 831 596 innita

22 623 130 682 ferocia
149 639 167 676 a
181 624 255 690 patre
273 619 375 684 Pisone,
394 620 438 690 qui
453 619 521 676 eivili
540 619 606 674 bello
622 623 783 689 resurgentes
804 619 831 672 iu

22 700 124 758 Ainea
145 699 235 767 partes
255 695 378 750 aeerrimo
401 696 542 750 ministerio
560 695 681 750 &versun
705 694 831 749 Cererem

19 777 109 850 juvit,
123 790 189 828 mox
200 771 311 826 Brutum
323 775 350 826 et
363 771 477 826 Gessium
490 775 601 836 mentua,
612 787 732 826 ooneeaeo
740 769 830 835 reditu,

20 851 165 926 petitione
191 847 315 902 honorum
338 847 468 914 abstinuit,
493 847 573 902 donee
596 847 665 901 ultro
694 845 833 900 ambietur

22 929 155 986 deletum
168 924 201 980 ab
215 926 332 996 Auianio
344 925 502 980 eonsnlutum
517 925 637 995 aoeipere.
675 923 725 978 Sed
740 927 857 993 praetera

22 1009 164 1078 paternos
177 1001 289 1071 spiritua,
301 1000 389 1074 uxoris
401 1019 502 1070 quoque
516 1001 642 1056 Planeinoe
658 999 790 1054 nobilitate
805 1003 833 1054 et

22 1081 132 1153 opibus
159 1077 362 1141 aeoendebatur;
379 1077 424 1131 vix
447 1077 548 1132 'liberio
572 1075 716 1141 ooneedere,
740 1075 833 1130 liberos

21 1159 90 1230 ejus
104 1158 138 1208 nt
150 1152 261 1207 multum
273 1153 340 1206 inira
351 1151 504 1223 despectare.
541 1153 598 1208 Nee
610 1151 715 1207 dubium
724 1151 833 1208 habebat

22 1254 57 1291 ne
72 1231 217 1294 delectum,
231 1229 275 1299 qni
287 1228 367 1300 Syrie
378 1229 558 1299 imponeretur,
572 1227 674 1298 adapes
692 1228 834 1284 Germanioi

23 1303 203 1366 mereendaa.
248 1303 385 1359 Credidere
403 1304 504 1375 quidam
522 1304 583 1359 data
600 1309 626 1358 et
644 1322 660 1358 a
676 1303 777 1359 Tiberio
795 1313 857 1360 ooo

23 1384 111 1442 culta
135 1378 276 1444 mandata;
305 1382 332 1434 et
357 1379 503 1435 Plancinam
526 1379 595 1435 haud
618 1379 694 1435 dubie
717 1383 837 1452 Augusta

23 1458 143 1516 inonnit
168 1455 326 1511 emulatione
350 1456 466 1511 muliebri
489 1457 655 1528 Agrippinam
679 1456 835 1512 mseetandi:

24 1535 123 1591 divisa
141 1549 252 1601 namque
270 1534 296 1585 et
313 1530 409 1586 diaoore
427 1533 485 1587 aula
502 1537 557 1588 erat
575 1533 660 1588 tacitis
680 1532 707 1588 in
721 1533 837 1588 Drusum

25 1616 81 1666 aut
97 1608 280 1664 Germanicum
293 1607 393 1662 smdija.
429 1608 545 1664 Tiberius
557 1613 587 1664 ut
605 1610 734 1681 proprium
753 1615 780 1664 et
797 1609 860 1666 auio

25 1684 177 1756 sanguinis
189 1684 302 1738 Drusum
315 1683 432 1739 fovebat:
453 1685 603 1740 Germanioo
619 1684 737 1739 alienatio
753 1685 839 1755 patrui

26 1779 156 1818 amorem
174 1759 242 1830 apud
257 1764 357 1814 eeteros
373 1768 486 1827 auxerat,
502 1767 529 1817 et
547 1762 607 1833 quia
623 1759 772 1815 claritudine
788 1778 839 1814 ma·

26 1837 109 1892 terni
122 1835 225 1906 generis
237 1835 358 1901 anteibat,
372 1854 447 1891 avum
463 1839 502 1892 M.
515 1837 666 1901 Antonium,
686 1835 839 1891 avanoulnm

27 1915 194 1983 Angustum
215 1912 307 1967 serena.
343 1913 441 1968 Contra
460 1915 547 1970 Druso
566 1931 676 1985 proavus
692 1931 770 1983 eques
784 1913 861 1968 Ro?

27 2005 135 2045 manue
156 1987 313 2058 Pomponius
329 1989 433 2044 Attieua
454 1988 576 2045 dedecere
592 1989 756 2046 Claudiorum
777 1990 839 2046 ima·

26 2066 116 2137 gines
135 2061 278 2117 videbatur.
315 2065 351 2117 Et
370 2066 464 2136 conjux
487 2066 630 2121 Germanioi
644 2067 786 2138 Agrippina
803 2068 839 2123 ie·

26 2137 178 2196 onnditate
196 2155 226 2192 ao
243 2137 312 2192 lama
328 2139 427 2194 Liviam
446 2159 553 2196 uxorem
570 2141 651 2196 Druai
672 2143 838 2213 praeoellebat.

28 2213 94 2272 Sed
106 2213 204 2268 fratres
220 2213 323 2285 egregie
339 2215 476 2273 eonoordea
495 2221 522 2273 et
537 2218 710 2289 proximorum
725 2219 840 2276 eertanri·

25 2291 118 2346 nibus
132 2289 286 2345 ineoneunsi

71 2367 139 2422 Nee
155 2368 236 2422 multo
250 2372 310 2440 poet
325 2369 427 2426 Druaua
444 2371 472 2426 in
490 2372 621 2444 Illyricum
636 2374 730 2429 miaaua
747 2378 795 2439 eat,
811 2376 888 2430 utre

27 2443 301 2510 sememonten,
322 2445 457 2518 studiaque
477 2449 604 2505 exereitus
623 2454 739 2520 pararet;
767 2450 843 2505 simul
898 2479 905 2489 ·

25 2522 166 2593 juvenem
187 2521 285 2576 urbano
309 2522 373 2577 luxu
394 2523 567 2580 lascivientem
590 2526 681 2581 melina
704 2527 732 2580 in
752 2527 843 2580 eastris

28 2597 135 2652 haberi
154 2597 281 2663 liberius,
303 2616 381 2669 aeque
399 2601 522 2654 tutiorem
540 2601 645 2654 rebatur
664 2604 775 2665 utroque
792 2598 844 2647 illio

30 2673 162 2743 legiones
181 2673 324 2732 obtinente.
361 2674 412 2728 Sed
430 2675 508 2728 Sueui
525 2672 756 2742 protendebantur,
776 2667 868 2716 ΜΗ
