1866 2944
35 151 119 204 ML]
171 95 358 148 sudatum
383 99 434 148 111.
448 101 555 152 46-50.
735 99 781 146 ΙΙΙ

35 208 123 268 Quum
134 205 243 262 uoluerat.
278 209 356 269 Quod
366 213 429 266 tuno
440 209 562 281 pateieoit
573 208 600 264 in
614 211 714 274 senatu
730 207 805 262 lau-8
847 217 858 230 '

33 273 81 332 uls
90 279 114 334 in
123 299 147 335 se
158 283 238 338 offitiis
249 288 276 338 et
287 285 403 340 inousato
414 285 453 340 M.
466 285 557 350 Lollio,
566 302 641 356 quem
653 289 784 340 suotorem

32 351 142 412 stilasari
162 360 287 428 pravitatis
310 365 337 416 et
360 361 543 417 discordiarum
565 359 695 434 arguebat.
733 357 807 415 Sede

30 432 101 486 tatem
113 433 173 489 haud
187 437 244 491 laeta
258 438 379 492 memoria
396 439 500 498 Quirini
517 442 572 492 erat
588 435 622 493 ob
633 438 739 502 intenta
753 439 784 491 ut

29 510 146 578 aemonii,
152 511 249 583 Lepidae
257 513 369 585 pennula
376 513 554 586 sordidamque
563 517 590 570 et
601 517 784 586 praepotentem

28 588 138 641 moun

52 658 104 716 line
114 663 168 718 euni
179 665 206 720 Ο.
218 666 355 722 Lutosium
369 667 487 722 Priscum
504 667 616 738 equitem
632 665 784 732 Romnum,
792 667 830 724 49

24 739 71 802 post
81 739 166 795 celebre
177 759 281 808 omnen,
295 761 347 814 quo
359 743 503 798 annioi
510 761 629 814 suprema
639 742 785 806 defleverat,

24 813 111 880 mmo
121 815 262 874 donatuma
277 819 378 874 casare
393 820 517 891 oorripuit
534 819 639 886 delator,
656 818 787 890 objectans

24 903 79 973 {egro
88 891 163 948 Druso
175 897 347 967 oomposuisse
358 897 434 968 qood,
447 896 471 952 si
486 897 629 952 entiuotus
645 895 720 960 ieret,
737 911 787 948 ms·

22 979 67 1034 sore
81 970 171 1038 premio
187 972 345 1044 vulgaretur.
381 973 415 1028 Id
432 974 462 1028 Ο.
474 973 598 1028 Lutorius
615 973 644 1028 in
660 971 736 1027 domo
756 971 810 1027 P.2

20 1039 123 1110 Petronii,
135 1065 205 1102 soora
216 1049 273 1120 ejus
285 1049 390 1104 Vitellia
400 1067 486 1105 ooram
497 1049 636 1122 multisque
646 1047 787 1104 illustribus

20 1115 111 1189 luminu,
126 1141 169 1193 per
184 1126 399 1196 vaniloquentiam
421 1126 526 1198 legeret.
562 1125 603 1181 Ut
626 1125 723 1180 delator
746 1131 811 1180 ent

20 1193 84 1260 stitit,
95 1200 178 1255 esuris
190 1201 222 1256 ad
233 1201 369 1256 dicendum
386 1201 563 1257 testimonium
578 1201 715 1266 exterritis,
735 1199 790 1256 sols

20 1268 109 1328 ditetis
124 1277 184 1332 nihil
200 1297 228 1333 se
245 1277 373 1334 audivisse
391 1279 554 1334 asseveravit.
591 1277 643 1334 Sed
660 1279 813 1350 arguenti-4

21 1343 61 1401 bus
75 1350 104 1404 ud
116 1353 245 1422 perniciem
258 1355 316 1426 plus
332 1354 393 1410 fidei
411 1355 469 1421 fuit,
489 1355 668 1426 sententiaque
687 1355 791 1410 Haterii

20 1421 132 1496 agrippe,
144 1431 250 1486 eouemis
262 1431 396 1502 designati,
410 1431 535 1487 indiotum
545 1449 590 1488 reo
601 1431 720 1486 ultimum
732 1449 790 1501 suo

20 1498 116 1568 picium
150 1507 242 1562 Contra
259 1508 298 1562 M.
312 1507 426 1578 Lepidus
440 1509 469 1562 ia
484 1509 552 1564 huno
565 1507 670 1563 modum
685 1506 836 1562 exomusot)

20 1579 54 1630 Ul
63 1584 117 1630 2-“
125 1581 156 1647 Si,
165 1583 253 1638 Patres
266 1584 419 1655 conscripti,
428 1603 509 1640 unum
516 1584 544 1640 id
555 1588 706 1656 spectamus,
716 1597 793 1655 quarn

20 1653 105 1710 nolana
114 1675 170 1714 vooe
179 1659 208 1714 0.
221 1660 346 1716 Lutorius
355 1661 460 1716 Priscus
471 1666 584 1717 mentem
595 1679 668 1716 suam
679 1665 707 1716 et
718 1677 793 1716 ausos

20 1725 131 1788 homiuum
153 1735 278 1806 polluerit,
304 1755 387 1808 neque
410 1755 496 1793 oeroer
518 1755 602 1808 neque
625 1737 739 1808 laquens,
758 1752 793 1792 no

20 1807 108 1862 mdes
119 1811 217 1882 qudem
226 1813 354 1868 eruciatus
366 1815 394 1868 in
406 1832 464 1869 enm
476 1814 631 1870 suffeoariut.
669 1814 715 1869 sin
723 1813 815 1885 flagi-²

20 1879 51 1936 u
65 1889 89 1939 et
104 1887 211 1944 laoinora
227 1890 282 1944 sine
298 1889 374 1945 modo
393 1895 461 1956 sunt,
479 1891 609 1962 supplioiis
628 1907 658 1946 eo
675 1891 794 1945 remediis

20 1959 124 2032 prinoipis
134 1965 272 2021 moderatio
284 1967 460 2038 majorumque
472 1971 499 2022 et
507 1971 596 2022 vestra
604 1966 720 2037 exempla
730 1971 795 2022 tem·

20 2044 103 2104 perant,
115 2044 140 2096 et
153 2061 218 2097 vana
232 2061 247 2096 a
262 2043 384 2109 molestis,
402 2043 472 2099 diota
488 2062 504 2098 a
519 2043 647 2099 maleficiis
665 2043 794 2109 differunt,

20 2115 52 2166 let
69 2113 133 2172 loous
150 2119 282 2174 sententiae
294 2137 340 2190 per
352 2138 428 2189 quam
439 2137 523 2190 neque
541 2119 601 2174 huie
613 2119 734 2175 delictum
749 2122 795 2174 im·

20 2201 77 2260 pune
95 2194 132 2258 sit,
156 2199 182 2250 ot
199 2213 247 2250 nos
265 2196 406 2252 clementia
425 2195 500 2251 simul
523 2213 552 2251 ae
576 2196 719 2251 severitatis
742 2213 796 2251 non

20 2267 132 2336 peniteat.
167 2273 239 2343 Saepe
254 2272 341 2328 audivi
355 2273 496 2344 prinoipem
513 2275 630 2326 nostrum
642 2285 821 2343 oonqueren·8

20 2343 71 2408 tem,
89 2346 181 2419 siquis
202 2353 306 2419 sumpta
327 2353 410 2403 morte
433 2348 630 2404 misericordiam
654 2353 710 2418 ejus
734 2361 795 2419 prat-

20 2419 124 2478 teuisset.
160 2425 223 2480 Vita
239 2425 269 2480 G.
281 2425 385 2480 Lutorfl
399 2425 428 2480 iu
445 2425 547 2497 integro
562 2428 618 2491 est;
646 2425 690 2494 qui
712 2433 824 2495 nequet

20 2502 122 2554 matus
132 2500 158 2556 in
169 2501 310 2572 perieulum
327 2501 365 2558 rei
382 2501 489 2571 publiea
504 2517 588 2571 nequo
602 2499 755 2554 interiectus
769 2500 797 2552 in

20 2574 148 2644 Bemplum
172 2577 229 2632 ibit.
266 2577 358 2632 Studia
383 2577 429 2640 illi,
452 2580 484 2630 ut
507 2576 583 2645 plena
604 2571 735 2650 vecordia,
760 2571 822 2619 itas

20 2643 93 2710 uenia
100 2656 127 2708 et
136 2653 207 2709 fluxa
217 2657 279 2710 snut
286 2675 296 2720 ς
314 2651 511 2721 necquicquam
523 2661 601 2718 greve
617 2659 648 2697 δῦ
659 2653 754 2692 serrum
765 2651 799 2686 ³¹
