2030 3000
177 411 212 470 0.
250 409 514 470 CORNELII
554 408 736 470 ΤΑΟῙΤΙ

199 555 248 608 ΑΒ
272 555 433 609 EXOESSU
450 555 531 608 DIVI
549 553 703 609 AUGUSTI

96 705 811 796 ANNALIUM

262 879 377 936 LIBER
394 881 644 938 DUODECIMUS.

91 1155 177 1210 Cinna
191 1155 336 1210 Messalina
348 1156 468 1211 conmlsa
479 1157 599 1228 principis
609 1156 706 1222 domus,
715 1163 772 1212 orto
784 1158 872 1228 apudl

58 1233 161 1288 libertos
173 1232 313 1287 certamine
324 1232 381 1302 quis
393 1232 516 1304 deligeret
534 1252 639 1289 uxorem
656 1233 769 1302 Claudio,
787 1234 851 1290 enli-

59 1308 95 1364 bis
106 1309 167 1364 vita
179 1308 329 1363 intoleranti
341 1312 368 1363 et
377 1310 514 1381 conjugum
522 1310 635 1380 imperiis
644 1309 759 1365 obnoxio.
795 1311 873 1369 Neon

60 1387 153 1440 minore
177 1384 278 1440 ambitu
294 1385 394 1441 femine
411 1392 573 1442 exarserant:
592 1405 664 1442 suam
685 1405 791 1458 quaeque
807 1405 851 1442 no·

60 1461 189 1526 indilatam,
213 1461 329 1526 formam,
355 1479 415 1533 opes
439 1463 600 1530 contendere,
625 1482 655 1519 ac
678 1464 756 1536 digna
777 1467 851 1518 tanto

61 1539 218 1593 matrimonio
231 1541 368 1594 ostentare.
406 1539 456 1594 Sed
467 1541 576 1595 maxime
594 1541 769 1612 ambigebatur
784 1541 873 1595 intera

61 1615 161 1670 lolliam
174 1615 310 1670 Paulinam
321 1615 360 1670 M.
372 1616 450 1671 Lollii
462 1617 608 1683 consularis,
619 1621 646 1672 ct
654 1617 750 1671 Juliam
760 1617 851 1688 Agrip-

61 1692 138 1761 pinam
161 1691 313 1746 Germanicc
331 1692 457 1763 genitam:
476 1693 536 1748 huie
553 1694 644 1758 Pallas,
664 1693 701 1748 illi
720 1692 848 1756 Callistus,

60 1767 168 1823 lautores
179 1767 292 1822 aderant.
328 1769 365 1822 At
376 1769 446 1824 AElia
452 1769 551 1824 Paetina
562 1769 680 1825 efamilia
688 1768 848 1823 Tuberonum
858 1775 874 1820 4

60 1844 179 1900 Narcisso
201 1843 344 1900 fovebatur.
380 1846 442 1916 Ipse
465 1846 515 1901 huo
538 1845 620 1911 modo,
640 1847 716 1900 modo
733 1845 800 1910 illuc,
819 1850 849 1900 ut

59 1939 181 1993 quemque
199 1920 362 1975 suadentium
381 1921 502 1989 audierat,
517 1926 657 1993 promptus,
677 1921 849 1977 discordantes

57 1997 233 2054 inconsilinm
250 2002 333 2063 vocat,
346 2016 376 2053 ac
391 2016 506 2069 promere
525 1999 676 2054 sententiam
695 2002 722 2054 et
741 1999 849 2069 adjicere

57 2068 166 2122 rationes
188 2066 271 2138 jubet.
309 2067 446 2123 Narcissus
469 2073 544 2123 vetus
564 2069 761 2137 matrimonium,
778 2069 876 2124 fami-2

56 2142 112 2198 liam
123 2161 293 2208 communem,
306 2145 376 2213 (nam
387 2145 501 2199 Antonia
512 2163 544 2199 cx
552 2145 652 2199 Patina
663 2146 737 2214 erat)
748 2146 811 2200 nihil
822 2147 850 2202 in

56 2219 189 2289 penatibus
202 2219 258 2290 ejus
270 2237 365 2274 novum
382 2220 530 2285 (deserebat,
548 2221 570 2275 si
588 2225 662 2276 sueta
676 2222 769 2292 conjux
784 2223 850 2278 redi-

55 2300 99 2361 ret,
112 2295 312 2366 haudquaquam
320 2296 494 2352 novercalibus
506 2296 571 2351 odiis
580 2296 666 2350 visura
674 2298 849 2353 Britannicum

55 2375 79 2425 et
91 2373 232 2437 Octaviam,
245 2373 362 2442 pmxima
373 2373 427 2428 suis
439 2374 553 2445 pignora.
591 2373 713 2428 Callistus
724 2375 849 2444 improba-
860 2383 875 2428 2

55 2450 104 2502 tem
116 2448 196 2520 longo
208 2447 322 2513 discidio,
342 2466 372 2504 ae
390 2449 413 2503 si
429 2468 532 2504 rursum
552 2454 731 2515 assumeretur,
747 2467 778 2504 eo
793 2450 849 2521 ipso

54 2524 207 2594 superbam
233 2523 360 2596 longeque
380 2525 475 2580 rectius
499 2525 608 2580 Lolliam
631 2525 724 2589 induci,
749 2524 849 2594 quando

53 2601 134 2656 nullos
146 2600 242 2656 liberos
254 2601 394 2672 genuisset,
407 2620 515 2656 vacuam
522 2601 683 2656 emulatione
692 2605 718 2654 et
726 2599 849 2669 privignis

52 2677 166 2746 parentis
177 2676 235 2732 loco
246 2676 369 2730 futuram.
405 2679 443 2731 At
454 2677 538 2732 Palles
550 2676 578 2731 id
593 2674 701 2731 maxime
718 2674 745 2727 in
756 2672 871 2741 Agrico
