2026 2992
247 159 448 207 ANNALIUM
466 161 501 208 11.
519 161 623 208 ca-ad
812 163 843 210 88

57 217 195 322 iiiiiiricer
219 269 270 324 sub
293 273 424 340 Augusto,
449 289 525 340 quem
555 275 686 324 auctorem
709 270 844 341 utriusque

55 344 124 412 regni,
141 345 163 398 si
179 351 355 416 sperneretur,
371 347 498 402 vindicem
513 346 652 401 metuebat.
697 346 869 413 Enimverot

55 418 131 473 audita
145 421 293 476 mutatione
307 422 437 492 principis,
454 423 592 478 immittere
604 421 731 476 latronum
743 421 841 492 globos,

55 496 190 552 exscindere
203 498 318 563 castella,
332 517 422 554 causas
434 498 507 554 bello.
542 498 616 554 Nihil
630 516 702 568 eque
713 498 842 554 Tiberium
851 505 889 560 65

54 573 145 628 anxium
151 574 267 630 habebat
279 593 357 646 quam
368 593 401 629 ne
413 574 555 645 composita
562 574 736 629 turbarentur.
773 575 843 630 Doli-

53 647 85 716 git
99 651 276 706 centurionem
289 652 334 722 qni
345 652 476 706 nuntiaret
487 650 591 721 regibus
607 669 640 706 ua
655 651 731 706 armis
746 650 843 723 discep-

53 727 142 792 tarent3
161 729 306 798 statimqne
322 747 337 782 a
350 727 431 798 Cotye
443 727 621 782 dimisserunt
639 745 695 798 quae
709 733 842 797 paraverat

52 802 142 857 auxilia
179 804 359 874 Rhescuporis
380 804 441 859 ficta
455 804 582 859 modestia
597 803 717 873 postulat,
734 804 868 864 eundem

50 875 177 934 inlocum
201 881 332 935 coiretur:
359 898 434 950 posse
457 880 489 935 da
514 879 693 935 controversiis
717 880 842 950 colloquio

51 955 157 1026 transigi.
194 957 255 1011 Nec
274 956 320 1010 diu
339 956 484 1012 dubitatum
505 956 537 1011 da
557 959 679 1026 tempore,
699 955 762 1024 loco,
783 955 866 1016 deins

51 1031 243 1098 conditionibus,
261 1051 319 1088 cum
336 1033 401 1088 alter
418 1033 548 1098 facilitate,
562 1033 627 1086 alter
638 1032 735 1098 fraude,
748 1039 842 1088 cuncta

51 1105 111 1162 inter
124 1127 151 1164 se
167 1109 340 1164 concederent
357 1110 558 1180 acciperentque.
594 1109 767 1178 Rhescuporis
785 1121 866 1166 san-4

52 1183 139 1250 ciendo,
151 1192 183 1240 ut
195 1186 341 1254 dictitabat,
350 1186 439 1240 foederi
448 1185 591 1240 convivium
604 1184 698 1255 adjicit,
708 1190 840 1256 tractaque

51 1259 194 1317 inmultam
217 1267 321 1317 noctem
341 1263 430 1316 latitia
451 1281 496 1333 per
517 1261 604 1332 epulas
625 1279 655 1315 ac
677 1262 840 1316 vinolentiam

51 1336 173 1394 incautum
186 1340 276 1410 Cotyn
287 1342 321 1402 et,
334 1343 470 1408 postquam
481 1337 568 1392 dolum
579 1337 749 1402 intellexerat,
769 1357 841 1392 saera

51 1415 123 1484 regni,
143 1415 261 1486 ejusdem
281 1415 382 1469 familiae
403 1414 464 1470 deos
483 1420 510 1468 et
529 1414 662 1483 hospitalis
681 1433 781 1468 mensas
797 1414 840 1468 ob·

51 1492 189 1557 testantem,
213 1492 311 1546 catenis
335 1495 431 1546 onerat.
467 1490 625 1560 Thraciaque
649 1491 718 1544 omni
741 1491 864 1561 potitust

51 1567 144 1636 scripsit
156 1568 190 1622 ad
208 1568 339 1622 Tiberium
358 1572 469 1622 structas
485 1566 536 1638 ¹sibi
551 1566 663 1631 insidias,
681 1573 840 1636 praeventum

50 1641 235 1710 insidiatorem
254 1644 330 1698 simul
338 1644 430 1698 mlum
439 1643 559 1698 adversus
571 1643 709 1696 Basternas
722 1643 840 1712 Scythas-

52 1736 95 1787 que
105 1719 274 1789 prartendens
293 1720 366 1776 novis
379 1719 493 1790 peditum
510 1725 537 1774 et
555 1720 670 1789 equitum
686 1719 765 1788 copiis
784 1736 839 1772 sesa

51 1794 166 1851 firmabat.
204 1796 322 1850 Molliter
337 1797 497 1866 rescriptum,
517 1796 539 1849 si
553 1795 623 1849 fraus
639 1794 746 1858 abesset,
764 1804 862 1864 possed

51 1887 103 1925 eum
113 1873 266 1928 innocentie
277 1873 355 1927 fidere
364 1895 371 1938 ;
384 1877 496 1928 ceterum
506 1891 588 1942 neque
596 1891 623 1926 se
631 1889 712 1941 neque
722 1874 839 1926 senatum

52 1945 95 2001 uisi
111 1950 215 2021 cognita
226 1967 303 2004 causa
318 1950 361 2019 jus
376 1953 403 2003 et
414 1949 532 2018 injuriam
544 1948 714 2016 discreturus:
733 1947 839 2018 proinde

50 2023 137 2078 tradito
149 2026 234 2094 Cotye
251 2025 350 2079 veniret
366 2025 568 2094 transferretque
580 2023 700 2079 invidiam
718 2024 837 2080 criminis.

49 2097 96 2154 Ras
106 2101 206 2156 litteras
218 2101 338 2156 Latinius
349 2101 461 2166 Pardus,
475 2119 521 2171 pro
533 2105 644 2171 praetore
656 2101 762 2166 Moesiae,
780 2120 837 2156 cum
847 2100 886 2154 66

48 2176 165 2232 militibus
190 2178 247 2248 quis
271 2179 352 2248 Cotys
376 2178 529 2242 traderetur,
554 2178 581 2232 in
605 2178 737 2232 Thraciam
761 2178 839 2232 misit.

49 2249 216 2324 Rhescuporis
237 2254 305 2312 inter
328 2260 426 2307 metum
450 2258 476 2308 et
500 2254 564 2308 iram
583 2258 726 2318 cunctatus,
748 2255 860 2308 maluit2

49 2330 136 2394 patrati
152 2348 227 2400 quam
244 2329 342 2399 incepti
357 2329 475 2384 facinoris
488 2349 546 2384 reus
563 2349 635 2384 esse:
655 2330 735 2384 occidi
754 2330 838 2400 Cotyn

47 2402 121 2470 jubet,
145 2411 305 2476 mortemque
330 2409 421 2475 sponte
446 2410 575 2476 sumptam
598 2407 744 2460 ementitur.
781 2406 862 2460 Neet

50 2482 128 2536 tamen
139 2482 224 2536 Caesar
235 2483 344 2552 placitas
356 2481 433 2536 semel
448 2485 516 2536 artes
530 2483 646 2547 mutavit,
660 2482 706 2536 sed
718 2482 838 2536 defuncto

50 2553 137 2622 Paudo,
147 2577 222 2628 quem
234 2559 285 2614 sibi
293 2558 421 2612 infensum
434 2559 607 2628 Rhescuporis
620 2558 751 2628 arguebat,
764 2559 838 2611 Pom-

51 2632 145 2697 ponium
155 2635 284 2700 Tlaceum,
298 2637 410 2688 veterem
429 2633 562 2704 stipendiis
576 2641 603 2689 et
615 2639 686 2688 arcta
702 2653 759 2688 cum
778 2651 838 2700 rege

52 2708 158 2777 amicitia,
175 2729 258 2782 eoque
276 2709 531 2766 accommodatiorem
548 2711 580 2764 ad
597 2709 743 2773 labendum,
761 2707 794 2760 ob
812 2703 839 2758 id
