1960 2952
59 173 75 213 Δ
92 172 111 212 D
126 172 171 221 u]
279 108 477 158 ANNALIUM
497 107 518 156 1.
530 108 633 154 al-at.
827 108 857 154 21

58 241 107 293 qua
118 222 170 275 alia
181 237 294 290 presens
305 238 369 274 usus
387 220 522 283 indixerat,
539 217 589 288 ipsi
606 214 790 288 partiebantur.
827 214 881 272 Idr

56 298 179 352 militares
198 296 296 350 animos
311 296 388 350 altius
407 293 610 366 conjectantibus
625 292 781 364 praecipuum
797 291 860 346 indi·

57 375 124 429 cium
136 374 225 444 magni
238 377 315 442 atque
331 372 497 442 implacabilis
511 375 604 435 motus,
624 369 693 440 quod
709 386 793 440 neque
811 368 860 423 dis·

54 452 124 523 jecti,
143 450 183 504 nil
200 467 340 520 paucorum
360 450 492 514 instinctu
508 448 554 504 sed
573 448 670 520 pariter
690 447 858 512 ardescerent,

55 530 153 600 pariter
172 526 285 591 silerent,
296 529 370 580 tauta
388 526 534 598 equalitate
551 529 578 581 et
596 523 741 580 constantia
756 527 787 578 ut
804 523 860 596 regi

56 603 184 660 crederes.

56 711 58 714 -
91 681 199 734 luteres
217 679 369 734 Germanico
387 697 433 750 per
454 678 556 745 Gallias,
577 681 607 733 ut
628 677 746 742 diximus,
768 674 905 732 censusdd

55 756 194 828 accipienti
206 756 345 810 excessisse
358 757 507 826 Augustum
519 755 642 810 adfertur.
679 753 791 824 Neptem
804 754 882 824 ejnst

55 833 228 904 Agrippinam
240 832 268 885 iu
279 833 440 886 matrimonio
453 833 590 903 pluresque
609 849 641 886 ex
659 848 690 885 ea
705 829 798 884 liberos
815 829 860 884 ha·

25 966 27 970 ,
54 909 141 964 bebat.
180 908 242 978 Ipse
266 909 353 964 Druso
378 908 458 963 fratre
481 908 577 964 'liberii
600 907 714 978 genitus,
734 908 882 978 Augustos-t

54 1003 155 1057 nepos;
176 983 223 1038 sed
239 985 331 1038 anxius
348 984 456 1039 occultis
467 985 495 1039 in
507 1002 534 1038 se
550 984 638 1056 patrui
656 983 769 1054 aviaque
785 982 857 1048 odiis,

54 1079 167 1133 quorum
190 1077 273 1114 cause
293 1060 410 1125 acriores,
431 1060 491 1131 quis
511 1061 612 1130 inique.
653 1059 756 1131 Quippe
780 1059 884 1115 Drusit

53 1155 151 1210 magna
169 1136 240 1206 epod
255 1135 377 1206 populum
391 1137 537 1191 Romanum
553 1135 681 1200 memoria,
699 1134 859 1190 credebatur-

54 1233 113 1285 que,
123 1213 146 1268 si
158 1229 247 1267 rerum
258 1213 356 1282 potitus
369 1212 444 1277 foret,
452 1212 598 1267 libertatem
609 1210 756 1266 redditurus
766 1233 773 1277 ;
792 1210 860 1268 unde

53 1288 82 1346 iu
98 1288 283 1344 Germanicum
302 1287 374 1342 lavor
390 1292 417 1342 et
435 1307 493 1359 spes
508 1287 604 1343 eadem.
641 1287 710 1342 Nam
726 1288 815 1360 juveni
827 1288 882 1344 eit

52 1367 105 1423 vile
121 1365 264 1438 ingenium,
281 1363 346 1419 mira
366 1364 472 1420 comitas
494 1369 521 1420 et
541 1364 641 1419 diversa
660 1383 677 1419 a
694 1363 788 1419 Tiberii
809 1382 860 1418 ser-

52 1461 139 1508 mone,
166 1440 250 1507 vultu,
274 1440 452 1512 arrogantibus
476 1445 503 1496 et
527 1440 649 1496 obscuris.
697 1440 881 1496 Accedebantfl

52 1517 196 1574 muliebres
208 1516 367 1582 offensiones,
380 1517 556 1573 novercalibus
565 1517 646 1574 Lirin
655 1517 683 1572 in
692 1517 860 1588 Agrippinam

53 1595 188 1657 stimulis;
207 1597 284 1662 etque
303 1593 359 1664 ipsa
379 1594 521 1665 Agrippina
541 1594 617 1666 paulo
635 1594 793 1657 commotior,
810 1593 860 1648 nisi

52 1671 126 1743 quod
138 1669 261 1725 castitate
273 1673 299 1724 et
310 1669 397 1724 mariti
409 1688 494 1726 amore
506 1670 622 1742 quamvis
640 1668 794 1724 indomitum
810 1669 861 1723 ani·

52 1767 128 1804 mum
141 1748 171 1801 in
182 1745 278 1800 bonum
290 1745 415 1801 vertebat.

90 1823 147 1879 Sed
166 1821 332 1876 Germanicum
350 1826 446 1892 quanio
464 1841 570 1878 summae
587 1821 642 1893 spei
658 1820 769 1892 propior,
790 1824 906 1883 tant084

52 1900 202 1973 impensius
225 1917 272 1969 pro
295 1897 397 1954 liberio
420 1901 476 1955 niti.
526 1901 657 1971 Sequanos
680 1899 810 1970 proximos
834 1903 862 1954 et

51 1979 202 2048 Belgarum
213 1974 330 2030 civitates
342 1975 370 2030 in
381 1975 459 2031 verba
470 1976 525 2048 ejus
538 1977 625 2046 adigit.
662 1976 762 2032 Dehinc
774 1976 884 2034 auditos

50 2055 192 2126 legionum
210 2050 325 2106 tumultu
340 2052 434 2123 raptim
454 2053 592 2123 proiectus,
612 2052 700 2108 obvias
721 2057 794 2108 extra
808 2071 862 2108 eas·

50 2136 98 2186 tra
117 2127 220 2190 habuit,
240 2125 345 2196 dejectis
363 2128 390 2182 in
408 2132 503 2182 terram
520 2129 600 2183 oculis
618 2129 690 2185 velut
706 2129 861 2200 paenitentia.

50 2208 205 2275 Postquam
222 2201 315 2258 vallum
333 2203 398 2269 iniit,
419 2203 515 2259 dissoni
531 2212 638 2275 questus
656 2205 739 2260 audiri
756 2223 861 2275 ooepere.

49 2284 92 2340 Et
112 2278 220 2352 quidam
235 2295 329 2348 prensa
344 2298 422 2334 manu
438 2281 493 2352 ejus
512 2299 558 2352 per
576 2281 685 2352 speeiem
700 2279 884 2336 exosculandit

49 2359 229 2417 inseruerunt
246 2354 349 2426 digitos,
362 2361 393 2411 ut
407 2375 485 2413 venus
498 2357 617 2414 dentibus
630 2376 675 2413 ora
687 2359 847 2429 contingeret
854 2379 862 2424 3

50 2436 101 2494 alii
123 2435 233 2489 curvata
251 2431 323 2486 senio
341 2433 455 2488 membra
475 2433 651 2489 ostendebant.
688 2434 886 2488 Adsistentemt

49 2511 220 2572 concionem,
234 2507 294 2578 quia
305 2509 431 2578 permixta
447 2509 589 2574 ridebatur,
603 2508 732 2562 discedere
743 2509 771 2559 in
787 2506 865 2558 mani·

48 2588 136 2662 polos
153 2583 245 2658 jubet:
269 2583 308 2638 sic
325 2584 416 2640 melius
434 2584 568 2638 audituros
585 2599 753 2650 responsum,
775 2575 867 2630 vexilla

47 2661 187 2738 praeferri,
208 2663 240 2715 ut
264 2657 293 2716 id
316 2659 407 2716 saltem
431 2658 586 2714 discerneret
610 2655 736 2709 cohortes.
785 2643 888 2698 'rander
