1866 2944
259 112 452 163 ANNALIUM
470 113 522 162 111.
541 117 643 163 42-46.
793 115 838 166 117

19 181 86 284 irini]
99 176 194 278 ”ian
214 229 243 276 es
269 223 426 278 seronem
444 225 584 296 majestatis
602 225 706 280 mmm
723 243 795 281 reum
813 227 864 282 us

15 309 121 362 senatu
130 301 220 355 foret
240 299 369 355 exstitisse
380 301 483 357 tandem
496 303 572 367 viros,
586 301 629 372 qni
641 305 760 357 eruentes
775 303 840 374 epis·

14 384 89 438 tolus
104 377 198 433 armis
208 375 364 431 eohiberent.
401 379 523 433 Miseram
535 395 623 449 pacem
639 378 679 433 vel
691 377 757 434 bello
774 379 839 435 bene

14 457 133 516 mutari.
179 452 268 506 Tanto
285 453 423 524 impensius
446 456 475 510 in
491 456 656 511 semrritatem
673 457 865 527 eompositus,t

13 552 110 607 neque
138 531 207 586 loeo
231 545 314 599 neque
331 531 407 586 multu
423 536 531 597 mutato,
550 531 596 586 sed
613 535 644 586 ut
662 531 772 597 solitum,
793 551 840 604 per

13 614 76 669 illos
93 609 161 664 dies
176 606 253 676 egit3
272 606 405 662 altitudine
418 610 501 674 animi,
520 627 553 662 an
569 613 726 678 compererat
742 607 840 664 modies

12 709 77 746 esse
93 691 126 742 et
140 683 265 753 vulgatis
277 683 379 740 leviora,
416 685 524 740 Interim
537 684 614 739 Silius
626 701 684 738 eum
695 684 839 756 legionibus
848 688 886 742 te

11 766 131 822 duabus
146 759 285 825 incedens,
295 761 424 832 premissa
436 761 552 816 auxiliari
564 777 641 815 mann
650 763 734 814 vastat
747 761 840 830 Sequa-

11 859 122 899 norum
137 853 237 908 pagos,
252 838 296 906 qui
310 838 397 891 finium
415 839 530 903 extremi,
544 841 570 892 et
583 836 674 891 AEduis
691 836 840 892 contermini

10 920 150 987 sociique
176 914 207 966 in
232 913 307 968 annis
331 919 412 969 erant.
449 915 514 968 Mox
537 913 754 985 Augustodunum
775 913 864 983 petitt

10 1010 144 1069 prope-ro
160 989 274 1059 agmine,
283 991 440 1046 uertentibns
451 991 521 1045 inter
532 1009 560 1045 se
572 989 707 1061 signiferis,
717 989 840 1045 tremente

11 1075 106 1129 etiam
136 1066 266 1138 gregario
288 1067 369 1122 milite
393 1083 425 1122 ne
450 1072 547 1122 suetam
566 1065 687 1136 requiem,
708 1083 741 1120 ne
759 1065 841 1136 spatia

9 1147 154 1204 noctium
177 1143 356 1212 opperiretur:
375 1143 491 1198 viderent
509 1142 584 1197 modo
601 1142 720 1197 adversos
737 1147 764 1197 et
777 1143 840 1214 aspi-

11 1226 184 1284 carentum
203 1219 231 1272 id
249 1220 310 1274 satis
335 1219 367 1274 ed
390 1221 531 1275 victoriam.
568 1219 755 1274 Duodecimum
773 1221 864 1291 apudt

8 1300 159 1372 lapidem,
177 1296 296 1351 Sacrovir
308 1297 436 1368 eopioeque
450 1295 598 1368 patentibus
615 1295 677 1351 loeis
694 1313 839 1367 apparuere.

10 1381 52 1435 In
77 1377 187 1432 fronte
208 1377 333 1428 statuerat
356 1373 473 1438 ferratos,
496 1373 523 1428 in
541 1372 659 1427 eornibus
682 1373 842 1438 eohortes,a

10 1462 109 1527 eergo
138 1467 290 1505 semermos.
327 1450 389 1520 Ipse
411 1449 480 1504 inter
503 1449 626 1519 primores
656 1466 721 1520 equo
747 1449 866 1520 insignit

9 1535 115 1594 adire,
129 1543 278 1582 memorare
290 1530 390 1582 veteres
403 1525 533 1580 Gallorum
551 1525 652 1596 glorias,
668 1544 774 1597 queque
790 1527 841 1582 Ro-

8 1609 122 1666 manis
145 1602 257 1658 adversa
273 1603 435 1668 intulissent;
455 1619 530 1673 quern
549 1601 640 1657 deeora
656 1603 795 1658 victoribus
813 1603 841 1658 li-

10 1689 136 1746 bertas,
151 1683 252 1750 quante
263 1679 440 1734 intolerantior
449 1679 558 1735 servitus
567 1679 660 1734 iterum
669 1680 752 1735 vietis.
780 1681 889 1743 Non46

8 1765 72 1820 diu
96 1761 173 1822 hoee,
200 1774 247 1810 nee
270 1755 338 1827 apud
355 1756 442 1810 letos:
462 1756 556 1810 etenim
574 1756 760 1827 propinquabat
780 1757 842 1830 legi-

8 1856 120 1897 onum
148 1833 227 1898 aeies,
250 1832 424 1903 inoonditique
448 1849 477 1887 ee
500 1833 597 1888 militie
621 1834 700 1888 nescii
723 1833 842 1906 oppidani

6 1931 129 1987 neque
141 1910 226 1966 oculs
237 1925 319 1980 neque
333 1909 436 1964 auribus
449 1910 511 1963 satis
523 1909 708 1981 competebant.
746 1911 865 1969 contras

5 1995 132 2054 Silius,
152 1987 204 2042 etsi
221 1990 376 2057 presumpta
392 2003 450 2057 spes
465 1985 585 2041 hortandi
599 2004 687 2043 sensas
705 1995 840 2054 exemerat,

2 2064 198 2130 clamitabat
209 2067 302 2128 tamen,
321 2061 468 2133 pudendum
485 2062 547 2133 ipsis
565 2063 633 2135 quod
651 2063 842 2122 Gennanisrum

15 2151 159 2202 'utores
186 2140 318 2194 adversum
340 2139 425 2194 Gallos
448 2143 570 2210 tanquam
594 2141 622 2194 in
644 2139 744 2196 hostem
768 2142 841 2200 duee-

34 2225 146 2278 ·ntur,
187 2223 202 2245 “
215 2218 275 2271 Une
290 2233 373 2287 nuper
391 2215 481 2272 eobors
498 2217 617 2271 rebellem
635 2217 772 2285 Turenum,
791 2231 865 2276 unat

0 2326 57 2355 ,μ
108 2297 261 2358 urerer-um,
285 2309 373 2364 pauore
396 2294 472 2364 hujus
495 2293 576 2364 ipsius
600 2295 726 2350 exereitus
750 2300 842 2352 turmae

1 2373 217 2455 profligavere
229 2371 367 2440 Sequanos.
404 2372 509 2429 Quanto
521 2371 628 2440 pecunia
640 2370 705 2426 dites
718 2376 744 2426 et
756 2373 867 2446 volup-t

23 2451 147 2513 atibus
169 2447 311 2519 opulentos,
333 2449 406 2500 tento
426 2447 507 2518 magis
528 2446 640 2501 imbelles
658 2447 756 2504 AEdnos
776 2453 842 2506 evin-

12 2537 107 2594 τε,
121 2534 148 2580 et
166 2524 326 2595 fugientibus
343 2523 493 2577 consulite.''
530 2523 626 2592 Ingens
644 2523 677 2576 ad
695 2525 866 2584 eudemone

15 2615 53 2666 ,t
76 2599 254 2659 oirenmmdit
265 2617 351 2669 eques,
365 2599 525 2665 frontemque
537 2597 636 2666 pedites
647 2597 762 2646 invasere
773 2612 780 2651 3
797 2603 844 2640 nee

31 2683 200 2742 unctstnm
225 2675 295 2746 spud
317 2673 404 2728 lutera.
440 2671 551 2725 Paulum
574 2683 651 2720 morae
671 2663 780 2716 attulere
797 2659 869 2708 fer-6
