1936 2968
136 147 190 195 884*
476 142 596 192 TAOI'H

135 255 223 312 unm
241 255 335 328 quippe
350 253 401 310 nn
417 254 506 310 uetus
522 254 668 325 roi-quarn
687 204 939 311 cultibili

135 334 223 406 igitur,
243 335 303 404 quia
321 352 398 402 super
418 332 506 387 Juniae
529 331 630 388 lamiliro
649 331 831 386 claritudinem
850 333 941 390 divum

112 416 281 483 2Augustum
302 415 405 466 atavum
417 409 522 466 ferebat.
558 411 631 466 Jussi
642 415 806 466 accusatores
825 411 941 482 objicere

135 489 270 561 prodigum
293 488 479 560 largitionibus,
504 505 587 558 neque
611 488 685 542 aliam
709 506 782 558 spem
806 506 890 558 quam
915 489 940 544 in

112 565 211 621 umbus
231 566 304 620 novis
323 584 387 620 esse.
424 565 496 624 Quin
513 583 572 619 eum
589 563 687 618 nobiles
704 563 799 618 habere
819 583 889 635 quos
908 565 940 620 nb

135 642 249 714 epistolis
262 645 289 698 et
301 642 391 697 libellis
401 645 429 696 et
439 641 581 696 rationibus
589 641 706 712 appellet,
717 641 823 696 nomina
830 661 938 698 summe

111 731 202 775 scurae
214 723 241 774 et
250 719 439 774 meditamenta.
477 721 655 776 Tummtimus
664 723 773 792 quisque
782 721 939 777 libertorum

137 799 217 854 uncti
228 799 380 870 arreptique.
416 798 452 852 ut
468 815 526 852 cum
543 798 670 854 damnatio
685 799 804 866 instaret,
821 799 938 855 brachio

97 887 194 930 *trum
214 894 291 931 venas
306 876 451 946 Torquatus
471 872 622 930 interscidit.
659 876 806 947 Secutaque
824 877 938 932 Nemnis

136 952 218 1006 oratic
239 971 273 1008 ex
291 971 369 1018 more,
389 952 504 1024 quamvis
525 957 625 1008 sontem
638 956 665 1008 et
684 951 830 1008 defensioni
846 956 938 1010 merito

137 1027 246 1084 diffisum
265 1029 393 1084 victurum
413 1033 500 1086 tamen
519 1029 606 1099 finisse,
625 1030 647 1084 si
664 1029 829 1085 clementiam
843 1031 937 1104 judicis

137 1107 308 1176 expecttsset.

91 1179 128 1233 36
173 1182 229 1237 Nec
242 1183 321 1237 multo
333 1185 400 1254 post,
410 1182 505 1238 omissa
515 1184 543 1238 in
554 1201 665 1254 presens
677 1183 783 1250 Achaia,
798 1185 897 1254 (cause
910 1185 935 1240 in

137 1257 234 1314 incerto
246 1255 338 1324 fuere)
351 1259 441 1314 urbem
458 1259 555 1325 revisit,
568 1259 711 1331 provincias
726 1259 855 1328 Orientis,
868 1281 935 1316 max-

113 1336 186 1393 2ime
204 1337 355 1408 AEgyptum,
374 1337 479 1392 secretis
494 1336 719 1408 imaginationibus
736 1336 852 1408 agitans,
888 1339 935 1394 De·

136 1412 195 1468 hino
214 1412 297 1469 edicto
316 1413 469 1469 testificatus
490 1431 542 1467 non
560 1413 662 1485 longam
680 1413 721 1467 sui
741 1413 889 1469 absentiam
909 1419 935 1470 et

136 1493 229 1544 cuncta
240 1490 266 1545 in
278 1508 306 1544 re
323 1490 424 1560 publice
441 1489 546 1561 perinde
561 1489 668 1544 immota
684 1506 713 1543 ac
728 1508 860 1561 prospera
874 1492 933 1557 lura,

114 1576 214 1638 3super
233 1585 263 1621 ec
285 1567 444 1638 proiectione
468 1567 531 1621 adiit
558 1566 720 1637 Capitolium.
756 1567 821 1623 Illic
834 1587 935 1624 venera-

136 1648 180 1700 tus
202 1644 270 1709 deos,
284 1663 342 1698 cum
354 1645 442 1698 Vestae
454 1662 555 1714 quoque
570 1643 694 1714 templum
711 1642 819 1711 inisset,
835 1651 935 1718 repente

137 1725 243 1777 cunctos
255 1739 301 1792 per
312 1725 383 1775 artus
397 1725 516 1786 tremens,
527 1739 578 1784 ,scu
592 1720 696 1774 numine
714 1724 877 1789 exterrente,
893 1741 936 1778 seu

137 1797 277 1853 facinorum
298 1796 472 1852 recordatione
495 1815 626 1868 nunquam
648 1797 742 1851 timore
765 1816 877 1868 vacuus,
897 1799 935 1853 de

138 1874 219 1928 seruit
232 1874 370 1944 inceptum,
388 1878 493 1929 cunctas
509 1873 559 1929 sibi
575 1891 648 1929 curas
666 1891 752 1928 amore
769 1876 866 1944 patric
881 1876 935 1931 levi·

113 1961 194 2012 tores
213 1950 341 2006 dictitans.
377 1949 481 2006 Vidisse
497 1953 600 2006 maestos
618 1949 711 2004 civium
729 1951 832 2018 vultus,
853 1953 935 2008 audire

137 2032 248 2084 secretas
260 2027 438 2099 querimonias,
453 2027 521 2098 quod
532 2031 634 2082 tentum
645 2026 718 2096 †iter
727 2027 851 2085 aditurus
864 2034 933 2094 eset,

137 2105 210 2176 cujus
233 2123 266 2160 ne
290 2105 401 2160 modicos
426 2104 528 2174 quidem
552 2122 671 2174 egressus
694 2103 850 2171 tolerarent
873 2106 935 2162 sueti

114 2181 272 2238 cadversum
283 2181 392 2236 fortuita
403 2184 509 2252 aspectu
522 2180 644 2251 principis
662 2180 784 2236 refoveri.
821 2183 895 2255 llrgc
908 2185 936 2236 ut

137 2259 164 2312 in
186 2259 291 2328 privatis
308 2257 540 2313 necessitudinibus
557 2257 672 2326 proxima
689 2257 803 2328 pignora
820 2259 936 2330 praevale

137 2337 203 2398 rent,
226 2335 264 2387 ita
287 2334 410 2403 populum
434 2335 579 2388 Romanum
602 2334 655 2388 vim
678 2333 818 2403 plurimum
847 2336 936 2391 habere

112 2407 325 2476 tparendumqne
336 2411 466 2464 retinenti.
503 2411 568 2464 Haec
582 2413 659 2482 atque
671 2409 734 2464 talia
745 2411 818 2480 plebi
827 2411 937 2468 volantia

134 2483 214 2545 fuere,
227 2483 389 2550 voluptatum
405 2485 530 2554 cupidine,
548 2490 575 2540 et
588 2505 644 2557 quse
659 2488 793 2558 precipua
811 2507 879 2544 cura
893 2491 937 2552 esi,

112 2555 172 2609 trei
182 2556 355 2611 frumentariae
367 2561 508 2628 angustias,
522 2563 545 2618 si
563 2562 672 2628 abesset,
685 2566 825 2620 metuenti
867 2567 938 2620 Sem·

133 2630 181 2680 tus·
202 2632 229 2682 et
252 2631 375 2698 primores
399 2634 427 2686 in
450 2636 550 2692 incerto
574 2643 655 2704 erant,
678 2640 771 2711 procul
796 2659 832 2696 an
857 2657 939 2696 corum

133 2702 243 2754 aunem
254 2703 406 2760 haberetur:
425 2708 525 2778 dehinc,
540 2733 597 2784 quae
608 2720 702 2772 natura
718 2718 824 2790 magnis
843 2717 940 2774 timori·
