2026 2992
35 204 87 247 m
97 209 140 258 3⁵¹]
241 149 441 198 ANNALIUM
459 149 503 206 VI.
523 154 630 201 86-39.
785 153 832 200 205

36 258 148 323 Caesaris,
162 277 222 330 que
233 259 371 331 utrobique
383 261 495 332 pulchra,
505 261 664 328 meminerit;
683 259 748 326 illos,
761 261 832 317 obse

36 335 115 403 quium
128 335 157 388 in
169 353 266 406 regem,
275 337 444 392 reverentiam
453 337 481 392 in
488 357 543 403 nos,
553 338 630 394 decus
639 338 747 409 quisque
756 355 831 393 suum

34 415 55 466 et
73 411 159 476 fidem,
179 413 328 468 retinerent.
365 413 434 468 Exin
452 431 510 470 cunr
525 413 668 486 legionibus
685 413 713 468 in
731 413 829 486 Syriam

34 489 159 543 remeavit.

64 565 130 624 Quae
150 563 253 619 duabus
273 565 406 621 estatibus
427 571 507 638 gesta,
528 565 657 638 conjunxi,
679 585 729 638 quo
746 567 876 638 requi-³8

34 645 127 696 esceret
146 641 250 696 animus
271 661 287 696 a
306 641 452 700 domesticis
471 643 551 698 malis.
588 643 650 698 Non
669 644 736 698 enim
756 643 830 699 'libe-

35 719 103 782 rium,
117 735 266 788 quanquam
272 719 448 790 trienniopost
458 719 550 776 cadem
560 719 652 791 sejani,
664 723 829 790 quaestores

36 794 127 849 mollire
140 793 234 859 solent,
247 801 357 866 tempus,
371 813 466 867 preces,
486 797 571 862 satias,
591 795 751 867 mitigabant,
770 796 832 867 quin

35 870 128 926 incerta
139 870 184 926 vel
195 870 291 925 abolita
302 889 349 942 pro
361 872 518 942 gravissimis
530 877 556 928 ct
564 871 710 928 recentibus
718 871 829 942 puniret.

35 946 71 1000 Eo
90 951 165 1001 metu
184 946 316 1002 Fulcinius
334 947 395 1003 Trio
413 949 562 1020 ingruentes
577 951 738 1003 accusatores
762 947 853 1004 haud2

35 1041 178 1093 perpessus,
192 1024 317 1094 supremis
329 1023 423 1080 tabulis
436 1025 517 1080 multa
528 1030 556 1080 et
573 1024 669 1080 atrocia
684 1024 712 1078 in
729 1023 830 1079 Macro·

35 1116 90 1152 nem
108 1117 139 1155 ac
158 1098 301 1170 precipuos
321 1099 471 1155 libertorum
491 1101 598 1156 Cesaria
615 1100 764 1171 composuit,
782 1101 831 1172 ipsi

35 1175 127 1229 fluxam
150 1175 224 1230 senio
247 1179 359 1230 mentem
377 1183 404 1231 et
421 1177 542 1232 continuo
563 1175 683 1232 abscessu
699 1175 770 1231 velut
789 1195 830 1234 cx·

35 1251 105 1305 ilium
122 1250 304 1322 objectanda,
322 1251 395 1318 Qua,
413 1253 446 1308 ab
462 1251 598 1308 heredibus
616 1252 752 1318 occultata
765 1253 852 1309 reci-8

36 1327 212 1383 tari'lb'berius
216 1328 302 1400 jussit,
311 1328 460 1399 patientiam
468 1329 594 1385 libertatis
604 1327 691 1384 alienae
698 1333 830 1385 ostentans

37 1408 61 1458 et
80 1409 244 1475 contemptor
263 1423 316 1460 suae
335 1405 460 1472 infamiae3
480 1425 519 1472 an,
540 1405 664 1461 scelerum
684 1406 768 1477 Sejaui
786 1405 831 1461 diu

36 1482 142 1547 nescius,
155 1499 219 1536 mox
231 1498 332 1552 quoquo
344 1481 419 1538 modo
432 1483 501 1538 dicta
516 1483 616 1554 vulgari
632 1480 749 1549 malebat,
766 1483 831 1537 veri·

37 1559 154 1628 tabariae,
176 1557 220 1612 cui
231 1557 343 1612 adulatio
355 1557 440 1623 officit,
453 1577 499 1630 per
515 1559 609 1630 probra
627 1557 717 1613 saltem
735 1575 829 1628 gnarus

36 1634 94 1688 fieri,
129 1633 221 1689 Isdem
241 1633 330 1689 diebus
351 1635 459 1690 Granius
480 1635 626 1690 Marcianos
648 1638 781 1690 senatore
799 1633 853 1688 (1.4

37 1711 150 1766 Graccho
172 1711 315 1781 majestatis
333 1712 485 1782 postulatus,
507 1713 559 1767 vim
578 1711 639 1766 vitae
654 1729 706 1764 suae
726 1709 829 1774 attulit;

35 1787 176 1858 Tatiusque
188 1787 334 1852 Gratianus,
349 1792 459 1858 praeture
476 1789 589 1855 funebre,
608 1786 665 1858 lege
686 1785 773 1840 eadem
789 1803 830 1839 ex·

34 1868 144 1918 tremum
165 1863 197 1917 ad
212 1863 364 1934 supplicium
383 1863 524 1920 damnatus.
560 1863 617 1918 Nec
638 1861 751 1934 dispares
771 1860 830 1915 Tre·
839 1867 876 1919 39

32 1939 135 1995 bellieni
156 1939 221 1994 Rufi
241 1945 268 1994 et
288 1940 369 1994 Sextii
387 1941 524 1996 Paconiani
538 1940 637 1995 exitus:
656 1957 715 1993 nam
730 1937 830 1994 Trebel-

31 2016 114 2070 lienus
139 2034 189 2070 sua
212 2033 290 2070 manu
314 2015 413 2082 cecidit,
438 2016 598 2071 Paconianus
622 2015 650 2069 in
674 2033 774 2070 carcerc
798 2015 831 2070 ob

32 2093 146 2146 earmina
165 2091 218 2147 illic
236 2093 264 2146 in
282 2092 421 2162 principem
444 2093 562 2148 factitata
586 2091 761 2163 strangulatus
782 2095 829 2148 est.

31 2169 96 2224 Haee
117 2167 239 2222 'liberius
259 2185 311 2221 non
329 2169 400 2233 mari,
420 2173 450 2222 ut
469 2169 536 2234 olim,
560 2167 663 2232 divism,
684 2186 767 2238 neque
786 2182 854 2241 per2

30 2243 188 2316 longinquos
200 2243 306 2298 nuntios
318 2244 463 2314 accipiebat,
477 2245 523 2299 sed
536 2243 626 2300 urbem
644 2244 726 2314 juxta,
744 2243 833 2298 eodem

29 2325 59 2374 ut
72 2321 114 2376 die
127 2320 173 2375 vel
184 2320 269 2374 noctis
281 2319 419 2390 interjectu
430 2321 523 2375 litteris
531 2320 664 2376 consulum
672 2319 832 2384 rescriberet,

31 2397 104 2466 quasi
126 2397 257 2467 aspicieus
276 2395 414 2450 undantem
436 2413 482 2466 per
506 2396 594 2451 domos
618 2396 768 2467 sanguinem
788 2399 833 2449 ant

31 2491 121 2528 nanus
149 2473 307 2528 carnificum.
344 2471 407 2526 Fine
428 2472 488 2526 arrni
507 2473 633 2543 Poppoeus
651 2473 760 2527 Sabinus
775 2485 856 2528 oon-3

31 2551 108 2604 casia
130 2549 195 2614 vita
217 2547 333 2602 modicus
353 2547 465 2618 originis,
488 2549 632 2618 principum
651 2547 762 2601 amicitia
778 2563 834 2598 con·

32 2625 148 2680 suatum
179 2643 211 2680 ac
241 2623 396 2694 triumphale
426 2623 504 2678 deeris
528 2623 645 2693 adeptus,
669 2621 836 2686 maximisque

33 2701 174 2771 provinciis
200 2719 248 2772 per
272 2704 395 2770 quattuor
419 2703 446 2753 et
472 2697 562 2768 viginti
586 2715 665 2752 anuos
695 2692 837 2762 impositus,
