2026 2992
57 195 147 244 mm
234 132 428 184 ANNALIUM
447 134 484 184 11.
503 137 605 184 ss-aa
786 137 817 184 98

56 261 148 300 nummos
165 263 191 300 se
207 246 351 302 additurum
368 246 571 318 negotiatonlrus
588 247 616 302 in
633 245 749 316 singulos
766 263 819 301 mo-

55 320 101 376 dos.
132 322 216 394 Neque
236 327 322 378 tamen
336 324 369 379 ob
383 342 415 378 ea
430 326 543 394 parentio
553 326 654 392 poleium
667 321 780 376 delatum
792 325 844 377 eta

55 403 116 462 antea
131 399 272 453 vocobulum
294 401 439 471 assumpsit,
459 399 597 470 aoerbeqne
619 399 747 470 increpuit
766 415 817 463 eos,

54 474 85 541 qui
100 476 186 528 divinas
208 478 382 544 occupationes,
403 477 538 546 ipsumque
555 477 676 530 dominam
693 474 817 530 dixerant.

54 550 111 605 Unde
121 555 222 622 augusta
233 556 259 606 et
271 552 370 607 lubrica
380 553 464 607 oratio
476 551 524 606 sub
536 552 648 623 principe
661 551 705 622 qni
716 552 818 608 liberta
828 560 843 606 8

52 627 91 678 tenu
100 628 225 693 metuebat,
238 628 410 684 adulationem
422 628 519 683 oderat.

77 702 171 774 Reperio
182 705 247 775 apud
259 706 398 776 scriptores
415 707 594 774 senatoresque
606 703 741 758 eorundem
755 706 818 758 tem·
828 708 866 763 88

52 795 122 845 porum
145 781 332 852 Adgandestrii,
358 780 480 852 principis
504 780 665 846 Chattorum,
690 779 769 835 laetas
793 781 820 834 in

50 859 122 909 senatu
135 856 235 925 litteras,
248 857 344 929 quibus
361 861 471 910 mortem
487 855 596 912 Arminii
611 855 784 926 promittebat,
798 856 820 910 si

51 932 157 999 patranda
168 935 221 988 neoi
229 953 358 990 venenum
371 933 533 998 mitteretur3
551 951 751 1004 responsumque
764 950 821 988 esse

50 1023 90 1060 uon
100 1007 176 1063 lrsude
187 1029 268 1082 neque
280 1010 399 1076 oeeultia,
413 1008 458 1064 sed
469 1009 550 1079 palam
563 1013 590 1064 et
605 1013 729 1064 armatum
741 1027 820 1080 popu·

50 1082 92 1137 lun
98 1085 228 1142 Romamn
236 1089 328 1143 hostes
341 1104 402 1142 suos
412 1085 507 1141 uuleisoi.
544 1087 605 1144 Qua
615 1085 697 1157 gloria
705 1085 845 1156 aquabula

52 1177 73 1212 se
82 1161 181 1218 'liberius
195 1165 286 1234 priscis
303 1163 509 1234 imperatoribus,
522 1163 566 1234 qui
582 1181 706 1216 venenum
719 1163 746 1217 in
758 1163 821 1234 Pyr-

51 1236 108 1292 rhum
123 1258 199 1310 regem
217 1246 357 1296 vetuerant
376 1239 594 1310 prodiderantque.
632 1239 752 1294 Ceterum
773 1241 846 1294 Aea

52 1313 132 1380 minius
151 1317 345 1374 obsoedeutibas
366 1316 489 1370 Romanis
512 1320 539 1370 et
558 1315 632 1386 pulso
653 1315 820 1380 Maroboduo,

52 1407 137 1459 regnum
153 1395 269 1450 affectans
288 1394 438 1450 libertatem
456 1391 614 1462 popularium
632 1390 760 1446 adversam
781 1391 822 1446 lua-

52 1464 245 1543 bellonamque
257 1471 339 1528 ermis
359 1487 418 1524 oum
434 1469 503 1522 varia
514 1469 617 1523 lortuna
633 1471 750 1532 certaret,
764 1467 823 1522 dolo

53 1546 219 1617 propinquorum
231 1548 345 1606 cecidit:
365 1545 485 1602 liberator
496 1545 564 1600 haud
580 1545 655 1600 dubie
674 1545 822 1610 Gennadius,

52 1623 73 1674 ot
82 1622 118 1691 qui
127 1641 172 1680 nou
182 1627 323 1696 primordia
334 1621 423 1694 populi
433 1621 549 1687 Romani,
560 1621 627 1676 sieut
639 1621 681 1676 alii
692 1639 766 1690 reges
779 1620 823 1674 du-

54 1713 132 1767 lceque,
143 1702 183 1756 sed
194 1702 407 1760 florentissimum
418 1698 551 1768 imperium
569 1697 716 1760 lacessierit,
729 1695 824 1765 proeliis

53 1773 167 1846 ambiguus,
179 1779 243 1836 bello
258 1798 315 1835 non
332 1777 427 1832 rictus.
464 1775 566 1845 Septem
584 1777 610 1828 et
626 1773 734 1843 triginta
745 1778 848 1828 aunosl

54 1848 106 1915 vlla,
125 1853 247 1912 duodecim
271 1852 401 1928 potentias
424 1851 544 1920 explevit,
569 1850 718 1920 caniturque
742 1847 824 1902 adhue

55 1923 148 1986 barbara
159 1935 223 2004 apud
234 1937 337 2006 gentes,
353 1929 499 1984 Greoorum
512 1926 643 1982 annalibus
655 1927 766 1997 ignotus,
780 1924 825 1996 qui

53 2017 89 2056 sua
102 2009 189 2064 tantum
206 2012 345 2072 mirantur,
363 2003 488 2060 Romanis
503 2002 570 2058 haud
588 2003 692 2074 perinde
710 2001 822 2068 salebris,

55 2075 101 2133 dum
110 2087 186 2141 uetera
196 2087 354 2149 extollimus,
368 2080 509 2136 seatium
520 2079 647 2136 incuriosi.
