<?xml version="1.0" encoding="UTF-8"?>
<!DOCTYPE html PUBLIC "-//W3C//DTD XHTML 1.0 Transitional//EN"
    "http://www.w3.org/TR/xhtml1/DTD/xhtml1-transitional.dtd">
<html xmlns="http://www.w3.org/1999/xhtml" xml:lang="en" lang="en">
 <head>
  <title>
</title>
<meta http-equiv="Content-Type" content="text/html;charset=utf-8" />
  <meta name='ocr-system' content='tesseract 3.04.00' />
  <meta name='ocr-capabilities' content='ocr_page ocr_carea ocr_par ocr_line ocrx_word'/>
</head>
<body>
  <div class='ocr_page' id='page_1' title='image "./opera04tacigoog_0369.png"; bbox 0 0 1936 2968; ppageno 0'>
   <div class='ocr_carea' id='block_1_1' title="bbox 131 111 933 224">
    <p class='ocr_par' dir='ltr' id='par_1_1' title="bbox 131 111 933 224">
     <span class='ocr_line' id='line_1_1' title="bbox 131 111 585 164; baseline 0.004 -4"><span class='ocrx_word' id='word_1_1' title='bbox 131 111 182 162; x_wconf 69' lang='lat'><strong>862</strong></span> <span class='ocrx_word' id='word_1_2' title='bbox 465 114 585 164; x_wconf 67' lang='lat' dir='ltr'><strong>mecm</strong></span> 
     </span>
     <span class='ocr_line' id='line_1_2' title="bbox 761 175 933 224; baseline 0.012 -10"><span class='ocrx_word' id='word_1_3' title='bbox 761 175 801 224; x_wconf 78' lang='lat' dir='ltr'><strong>[a.</strong></span> <span class='ocrx_word' id='word_1_4' title='bbox 810 175 839 214; x_wconf 87' lang='lat' dir='ltr'><strong>o.</strong></span> <span class='ocrx_word' id='word_1_5' title='bbox 847 176 869 214; x_wconf 93' lang='lat' dir='ltr'><strong>c.</strong></span> <span class='ocrx_word' id='word_1_6' title='bbox 878 175 921 216; x_wconf 79' lang='lat' dir='ltr'><strong>sua</strong></span> <span class='ocrx_word' id='word_1_7' title='bbox 932 199 933 202; x_wconf 17' lang='grc' dir='ltr'>η</span> 
     </span>
    </p>
   </div>
   <div class='ocr_carea' id='block_1_2' title="bbox 132 221 922 297">
    <p class='ocr_par' dir='ltr' id='par_1_2' title="bbox 132 221 922 297">
     <span class='ocr_line' id='line_1_3' title="bbox 132 221 922 297; baseline 0 -19"><span class='ocrx_word' id='word_1_8' title='bbox 132 221 256 278; x_wconf 84' lang='lat' dir='ltr'><strong>dissoluta</strong></span> <span class='ocrx_word' id='word_1_9' title='bbox 270 223 334 280; x_wconf 80' lang='lat' dir='ltr'><strong>luxu</strong></span> <span class='ocrx_word' id='word_1_10' title='bbox 349 243 429 292; x_wconf 90' lang='lat' dir='ltr'><strong>mens,</strong></span> <span class='ocrx_word' id='word_1_11' title='bbox 442 231 470 281; x_wconf 84' lang='lat' dir='ltr'><strong>et</strong></span> <span class='ocrx_word' id='word_1_12' title='bbox 487 225 593 297; x_wconf 85' lang='lat' dir='ltr'><strong>proinde</strong></span> <span class='ocrx_word' id='word_1_13' title='bbox 610 224 663 280; x_wconf 79' lang='lat' dir='ltr'><strong>rita</strong></span> <span class='ocrx_word' id='word_1_14' title='bbox 680 241 773 279; x_wconf 88' lang='lat' dir='ltr'><strong>somno</strong></span> <span class='ocrx_word' id='word_1_15' title='bbox 790 224 922 296; x_wconf 69' lang='lat' dir='ltr'><strong>languide:</strong></span> 
     </span>
    </p>
   </div>
   <div class='ocr_carea' id='block_1_3' title="bbox 4 298 954 2737">
    <p class='ocr_par' dir='ltr' id='par_1_3' title="bbox 4 298 954 2737">
     <span class='ocr_line' id='line_1_4' title="bbox 134 298 925 374; baseline -0.004 -16"><span class='ocrx_word' id='word_1_16' title='bbox 134 298 290 358; x_wconf 74' lang='lat' dir='ltr'><strong>Quintianus</strong></span> <span class='ocrx_word' id='word_1_17' title='bbox 306 302 413 357; x_wconf 87' lang='lat' dir='ltr'><strong>mollitia</strong></span> <span class='ocrx_word' id='word_1_18' title='bbox 426 303 538 374; x_wconf 88' lang='lat' dir='ltr'><strong>corporis</strong></span> <span class='ocrx_word' id='word_1_19' title='bbox 554 302 662 367; x_wconf 79' lang='lat' dir='ltr'><strong>infamis,</strong></span> <span class='ocrx_word' id='word_1_20' title='bbox 681 305 709 356; x_wconf 85' lang='lat' dir='ltr'><strong>et</strong></span> <span class='ocrx_word' id='word_1_21' title='bbox 721 319 738 355; x_wconf 83' lang='lat' dir='ltr'><strong>a</strong></span> <span class='ocrx_word' id='word_1_22' title='bbox 749 301 857 356; x_wconf 80' lang='lat' dir='ltr'><strong>Nerone</strong></span> <span class='ocrx_word' id='word_1_23' title='bbox 871 319 925 372; x_wconf 46' lang='lat' dir='ltr'><strong>pro¹</strong></span> 
     </span>
     <span class='ocr_line' id='line_1_5' title="bbox 87 374 927 448; baseline -0.01 -13"><span class='ocrx_word' id='word_1_24' title='bbox 87 379 126 435; x_wconf 86' lang='lat'><strong>50</strong></span> <span class='ocrx_word' id='word_1_25' title='bbox 134 374 209 430; x_wconf 84' lang='lat' dir='ltr'><strong>broso</strong></span> <span class='ocrx_word' id='word_1_26' title='bbox 221 378 331 433; x_wconf 81' lang='lat' dir='ltr'><strong>carmine</strong></span> <span class='ocrx_word' id='word_1_27' title='bbox 339 377 491 447; x_wconf 86' lang='lat' dir='ltr'><strong>diffamatus,</strong></span> <span class='ocrx_word' id='word_1_28' title='bbox 500 379 665 435; x_wconf 83' lang='lat' dir='ltr'><strong>contumelias</strong></span> <span class='ocrx_word' id='word_1_29' title='bbox 677 377 766 432; x_wconf 88' lang='lat' dir='ltr'><strong>ultum</strong></span> <span class='ocrx_word' id='word_1_30' title='bbox 777 377 840 433; x_wconf 84' lang='lat' dir='ltr'><strong>ibat.</strong></span> <span class='ocrx_word' id='word_1_31' title='bbox 859 378 927 448; x_wconf 75' lang='lat' dir='ltr'><strong>Ergo</strong></span> 
     </span>
     <span class='ocr_line' id='line_1_6' title="bbox 134 451 933 526; baseline 0.009 -20"><span class='ocrx_word' id='word_1_32' title='bbox 134 451 194 506; x_wconf 91' lang='lat' dir='ltr'><strong>dum</strong></span> <span class='ocrx_word' id='word_1_33' title='bbox 218 452 313 508; x_wconf 83' lang='lat' dir='ltr'><strong>scelera</strong></span> <span class='ocrx_word' id='word_1_34' title='bbox 335 454 464 526; x_wconf 91' lang='lat' dir='ltr'><strong>principis,</strong></span> <span class='ocrx_word' id='word_1_35' title='bbox 481 461 508 511; x_wconf 91' lang='lat' dir='ltr'><strong>et</strong></span> <span class='ocrx_word' id='word_1_36' title='bbox 528 457 605 510; x_wconf 86' lang='lat' dir='ltr'><strong>finem</strong></span> <span class='ocrx_word' id='word_1_37' title='bbox 625 454 714 509; x_wconf 81' lang='lat' dir='ltr'><strong>adesse</strong></span> <span class='ocrx_word' id='word_1_38' title='bbox 733 454 852 524; x_wconf 87' lang='lat' dir='ltr'><strong>imperio,</strong></span> <span class='ocrx_word' id='word_1_39' title='bbox 871 453 933 514; x_wconf 54' lang='lat' dir='ltr'><strong>dedis</strong></span> 
     </span>
     <span class='ocr_line' id='line_1_7' title="bbox 133 527 926 599; baseline 0.003 -18"><span class='ocrx_word' id='word_1_40' title='bbox 133 527 294 599; x_wconf 84' lang='lat' dir='ltr'><strong>gendumquc</strong></span> <span class='ocrx_word' id='word_1_41' title='bbox 316 530 360 599; x_wconf 89' lang='lat' dir='ltr'><strong>qui</strong></span> <span class='ocrx_word' id='word_1_42' title='bbox 377 531 452 586; x_wconf 83' lang='lat' dir='ltr'><strong>fessis</strong></span> <span class='ocrx_word' id='word_1_43' title='bbox 469 532 545 587; x_wconf 87' lang='lat' dir='ltr'><strong>rebus</strong></span> <span class='ocrx_word' id='word_1_44' title='bbox 565 535 733 595; x_wconf 84' lang='lat' dir='ltr'><strong>succurreret,</strong></span> <span class='ocrx_word' id='word_1_45' title='bbox 751 531 823 585; x_wconf 87' lang='lat' dir='ltr'><strong>inter</strong></span> <span class='ocrx_word' id='word_1_46' title='bbox 840 549 869 585; x_wconf 86' lang='lat' dir='ltr'><strong>se</strong></span> <span class='ocrx_word' id='word_1_47' title='bbox 885 533 926 584; x_wconf 82' lang='lat' dir='ltr'><strong>cut</strong></span> 
     </span>
     <span class='ocr_line' id='line_1_8' title="bbox 134 605 944 681; baseline 0.001 -21"><span class='ocrx_word' id='word_1_48' title='bbox 134 605 202 660; x_wconf 86' lang='lat' dir='ltr'><strong>inter</strong></span> <span class='ocrx_word' id='word_1_49' title='bbox 213 606 307 661; x_wconf 85' lang='lat' dir='ltr'><strong>amicos</strong></span> <span class='ocrx_word' id='word_1_50' title='bbox 316 606 423 677; x_wconf 86' lang='lat' dir='ltr'><strong>jaciunt,</strong></span> <span class='ocrx_word' id='word_1_51' title='bbox 439 623 609 681; x_wconf 78' lang='lat' dir='ltr'><strong>aggregavera</strong></span> <span class='ocrx_word' id='word_1_52' title='bbox 625 607 738 663; x_wconf 78' lang='lat' dir='ltr'><strong>&#39;ibllinm</strong></span> <span class='ocrx_word' id='word_1_53' title='bbox 756 607 924 670; x_wconf 80' lang='lat' dir='ltr'><strong>Seneciomm,</strong></span> <span class='ocrx_word' id='word_1_54' title='bbox 943 634 944 637; x_wconf 36' lang='lat'>¹</span> 
     </span>
     <span class='ocr_line' id='line_1_9' title="bbox 136 681 926 753; baseline 0 -17"><span class='ocrx_word' id='word_1_55' title='bbox 136 681 285 737; x_wconf 81' lang='lat' dir='ltr'><strong>Cervarium</strong></span> <span class='ocrx_word' id='word_1_56' title='bbox 311 683 456 753; x_wconf 86' lang='lat' dir='ltr'><strong>Proculum,</strong></span> <span class='ocrx_word' id='word_1_57' title='bbox 484 685 632 740; x_wconf 73' lang='lat' dir='ltr'>Vulcatium</span> <span class='ocrx_word' id='word_1_58' title='bbox 657 683 802 747; x_wconf 80' lang='lat' dir='ltr'><strong>Araricum,</strong></span> <span class='ocrx_word' id='word_1_59' title='bbox 833 683 926 736; x_wconf 84' lang='lat' dir='ltr'><strong>Julium</strong></span> 
     </span>
     <span class='ocr_line' id='line_1_10' title="bbox 135 759 926 829; baseline 0.001 -18"><span class='ocrx_word' id='word_1_60' title='bbox 135 759 304 829; x_wconf 79' lang='lat' dir='ltr'><strong>Augurinum,</strong></span> <span class='ocrx_word' id='word_1_61' title='bbox 323 759 472 816; x_wconf 79' lang='lat' dir='ltr'><strong>Munatium</strong></span> <span class='ocrx_word' id='word_1_62' title='bbox 497 762 612 828; x_wconf 86' lang='lat' dir='ltr'><strong>Gratum,</strong></span> <span class='ocrx_word' id='word_1_63' title='bbox 633 760 777 814; x_wconf 79' lang='lat' dir='ltr'><strong>Antonium</strong></span> <span class='ocrx_word' id='word_1_64' title='bbox 800 759 926 822; x_wconf 84' lang='lat' dir='ltr'><strong>Natalem,</strong></span> 
     </span>
     <span class='ocr_line' id='line_1_11' title="bbox 135 834 928 910; baseline -0.001 -21"><span class='ocrx_word' id='word_1_65' title='bbox 135 834 262 890; x_wconf 85' lang='lat' dir='ltr'><strong>Marcium</strong></span> <span class='ocrx_word' id='word_1_66' title='bbox 271 835 384 902; x_wconf 78' lang='lat' dir='ltr'><strong>Festum,</strong></span> <span class='ocrx_word' id='word_1_67' title='bbox 395 838 494 910; x_wconf 78' lang='lat' dir='ltr'><strong>equites</strong></span> <span class='ocrx_word' id='word_1_68' title='bbox 506 838 651 902; x_wconf 77' lang='lat' dir='ltr'><strong>Romanos3</strong></span> <span class='ocrx_word' id='word_1_69' title='bbox 667 835 807 907; x_wconf 86' lang='lat' dir='ltr'><strong>exquibus</strong></span> <span class='ocrx_word' id='word_1_70' title='bbox 817 835 928 899; x_wconf 75' lang='lat' dir='ltr'><strong>Senecio,</strong></span> 
     </span>
     <span class='ocr_line' id='line_1_12' title="bbox 136 911 928 984; baseline 0.001 -19"><span class='ocrx_word' id='word_1_71' title='bbox 136 929 150 966; x_wconf 89' lang='lat' dir='ltr'><strong>e</strong></span> <span class='ocrx_word' id='word_1_72' title='bbox 162 913 291 982; x_wconf 73' lang='lat' dir='ltr'><strong>precipua</strong></span> <span class='ocrx_word' id='word_1_73' title='bbox 296 913 467 969; x_wconf 83' lang='lat' dir='ltr'><strong>familiaritate</strong></span> <span class='ocrx_word' id='word_1_74' title='bbox 477 915 595 979; x_wconf 92' lang='lat' dir='ltr'><strong>Neronis,</strong></span> <span class='ocrx_word' id='word_1_75' title='bbox 606 913 716 984; x_wconf 88' lang='lat' dir='ltr'><strong>speciem</strong></span> <span class='ocrx_word' id='word_1_76' title='bbox 724 911 848 967; x_wconf 77' lang='lat' dir='ltr'><strong>amicitie</strong></span> <span class='ocrx_word' id='word_1_77' title='bbox 854 912 928 966; x_wconf 82' lang='lat' dir='ltr'><strong>etiam</strong></span> 
     </span>
     <span class='ocr_line' id='line_1_13' title="bbox 113 987 929 1062; baseline -0.007 -15"><span class='ocrx_word' id='word_1_78' title='bbox 113 991 192 1047; x_wconf 82' lang='lat' dir='ltr'><strong>2tum</strong></span> <span class='ocrx_word' id='word_1_79' title='bbox 204 989 324 1054; x_wconf 85' lang='lat' dir='ltr'><strong>retinens,</strong></span> <span class='ocrx_word' id='word_1_80' title='bbox 341 1008 372 1044; x_wconf 89' lang='lat' dir='ltr'><strong>eo</strong></span> <span class='ocrx_word' id='word_1_81' title='bbox 388 990 503 1060; x_wconf 91' lang='lat' dir='ltr'><strong>pluribus</strong></span> <span class='ocrx_word' id='word_1_82' title='bbox 521 990 638 1062; x_wconf 87' lang='lat' dir='ltr'><strong>periculis</strong></span> <span class='ocrx_word' id='word_1_83' title='bbox 653 987 861 1044; x_wconf 82' lang='lat' dir='ltr'><strong>conflictabatur.</strong></span> <span class='ocrx_word' id='word_1_84' title='bbox 879 987 929 1042; x_wconf 69' lang='lat' dir='ltr'><strong>Na</strong></span> 
     </span>
     <span class='ocr_line' id='line_1_14' title="bbox 136 1063 930 1137; baseline -0.001 -18"><span class='ocrx_word' id='word_1_85' title='bbox 136 1064 195 1119; x_wconf 86' lang='lat' dir='ltr'><strong>talis</strong></span> <span class='ocrx_word' id='word_1_86' title='bbox 208 1066 334 1137; x_wconf 80' lang='lat' dir='ltr'><strong>particeps</strong></span> <span class='ocrx_word' id='word_1_87' title='bbox 353 1065 385 1120; x_wconf 87' lang='lat' dir='ltr'><strong>ad</strong></span> <span class='ocrx_word' id='word_1_88' title='bbox 401 1083 475 1122; x_wconf 90' lang='lat' dir='ltr'><strong>omne</strong></span> <span class='ocrx_word' id='word_1_89' title='bbox 490 1070 616 1122; x_wconf 88' lang='lat' dir='ltr'><strong>secretum</strong></span> <span class='ocrx_word' id='word_1_90' title='bbox 627 1065 716 1120; x_wconf 87' lang='lat' dir='ltr'><strong>Pisoni</strong></span> <span class='ocrx_word' id='word_1_91' title='bbox 726 1070 790 1119; x_wconf 84' lang='lat' dir='ltr'><strong>erat.</strong></span> <span class='ocrx_word' id='word_1_92' title='bbox 831 1063 930 1119; x_wconf 79' lang='lat' dir='ltr'><strong>Ceteris</strong></span> 
     </span>
     <span class='ocr_line' id='line_1_15' title="bbox 137 1141 930 1213; baseline 0 -19"><span class='ocrx_word' id='word_1_93' title='bbox 137 1158 195 1211; x_wconf 81' lang='lat' dir='ltr'><strong>apes</strong></span> <span class='ocrx_word' id='word_1_94' title='bbox 218 1159 252 1195; x_wconf 85' lang='lat' dir='ltr'><strong>ex</strong></span> <span class='ocrx_word' id='word_1_95' title='bbox 276 1142 348 1197; x_wconf 84' lang='lat' dir='ltr'><strong>noris</strong></span> <span class='ocrx_word' id='word_1_96' title='bbox 371 1142 447 1197; x_wconf 91' lang='lat' dir='ltr'><strong>rebus</strong></span> <span class='ocrx_word' id='word_1_97' title='bbox 471 1142 613 1213; x_wconf 74' lang='lat' dir='ltr'><strong>petebatur.</strong></span> <span class='ocrx_word' id='word_1_98' title='bbox 649 1141 746 1196; x_wconf 77' lang='lat' dir='ltr'><strong>Ascitoe</strong></span> <span class='ocrx_word' id='word_1_99' title='bbox 770 1143 834 1195; x_wconf 91' lang='lat' dir='ltr'><strong>sunt</strong></span> <span class='ocrx_word' id='word_1_100' title='bbox 855 1157 930 1210; x_wconf 85' lang='lat' dir='ltr'><strong>super</strong></span> 
     </span>
     <span class='ocr_line' id='line_1_16' title="bbox 138 1216 933 1290; baseline -0.001 -19"><span class='ocrx_word' id='word_1_101' title='bbox 138 1217 258 1272; x_wconf 85' lang='lat' dir='ltr'><strong>Subrium</strong></span> <span class='ocrx_word' id='word_1_102' title='bbox 285 1222 312 1273; x_wconf 89' lang='lat' dir='ltr'><strong>et</strong></span> <span class='ocrx_word' id='word_1_103' title='bbox 337 1219 483 1289; x_wconf 80' lang='lat' dir='ltr'><strong>Sulpicium,</strong></span> <span class='ocrx_word' id='word_1_104' title='bbox 507 1219 539 1274; x_wconf 92' lang='lat' dir='ltr'><strong>de</strong></span> <span class='ocrx_word' id='word_1_105' title='bbox 567 1218 659 1290; x_wconf 88' lang='lat' dir='ltr'><strong>quibus</strong></span> <span class='ocrx_word' id='word_1_106' title='bbox 682 1217 780 1282; x_wconf 82' lang='lat' dir='ltr'><strong>rettuli,</strong></span> <span class='ocrx_word' id='word_1_107' title='bbox 809 1216 933 1272; x_wconf 86' lang='lat' dir='ltr'><strong>militares</strong></span> 
     </span>
     <span class='ocr_line' id='line_1_17' title="bbox 136 1293 934 1358; baseline 0.001 -12"><span class='ocrx_word' id='word_1_108' title='bbox 136 1311 234 1358; x_wconf 89' lang='lat' dir='ltr'><strong>manus,</strong></span> <span class='ocrx_word' id='word_1_109' title='bbox 261 1295 355 1350; x_wconf 84' lang='lat' dir='ltr'><strong>Gavius</strong></span> <span class='ocrx_word' id='word_1_110' title='bbox 380 1295 496 1351; x_wconf 88' lang='lat' dir='ltr'><strong>Silvanus</strong></span> <span class='ocrx_word' id='word_1_111' title='bbox 514 1299 541 1350; x_wconf 89' lang='lat' dir='ltr'><strong>et</strong></span> <span class='ocrx_word' id='word_1_112' title='bbox 560 1296 658 1350; x_wconf 78' lang='lat' dir='ltr'><strong>Statius</strong></span> <span class='ocrx_word' id='word_1_113' title='bbox 678 1294 818 1349; x_wconf 80' lang='lat' dir='ltr'><strong>Proximus</strong></span> <span class='ocrx_word' id='word_1_114' title='bbox 835 1293 934 1348; x_wconf 89' lang='lat' dir='ltr'><strong>tribuni</strong></span> 
     </span>
     <span class='ocr_line' id='line_1_18' title="bbox 138 1369 935 1441; baseline 0 -17"><span class='ocrx_word' id='word_1_115' title='bbox 138 1369 281 1424; x_wconf 77' lang='lat' dir='ltr'><strong>cohortium</strong></span> <span class='ocrx_word' id='word_1_116' title='bbox 296 1371 479 1441; x_wconf 85' lang='lat' dir='ltr'><strong>praetoriarum,</strong></span> <span class='ocrx_word' id='word_1_117' title='bbox 498 1372 629 1426; x_wconf 82' lang='lat' dir='ltr'><strong>Maximus</strong></span> <span class='ocrx_word' id='word_1_118' title='bbox 648 1371 759 1425; x_wconf 86' lang='lat' dir='ltr'><strong>Scaurus</strong></span> <span class='ocrx_word' id='word_1_119' title='bbox 774 1373 803 1424; x_wconf 91' lang='lat' dir='ltr'><strong>et</strong></span> <span class='ocrx_word' id='word_1_120' title='bbox 815 1369 935 1424; x_wconf 79' lang='lat' dir='ltr'><strong>Venetus</strong></span> 
     </span>
     <span class='ocr_line' id='line_1_19' title="bbox 114 1445 936 1503; baseline 0 -3"><span class='ocrx_word' id='word_1_121' title='bbox 114 1448 128 1494; x_wconf 81' lang='grc'>3</span> <span class='ocrx_word' id='word_1_122' title='bbox 138 1446 233 1501; x_wconf 89' lang='lat' dir='ltr'><strong>Paulus</strong></span> <span class='ocrx_word' id='word_1_123' title='bbox 246 1447 414 1502; x_wconf 88' lang='lat' dir='ltr'><strong>centuriones.</strong></span> <span class='ocrx_word' id='word_1_124' title='bbox 433 1448 484 1503; x_wconf 88' lang='lat' dir='ltr'><strong>Sed</strong></span> <span class='ocrx_word' id='word_1_125' title='bbox 496 1467 623 1503; x_wconf 90' lang='lat' dir='ltr'><strong>summum</strong></span> <span class='ocrx_word' id='word_1_126' title='bbox 632 1447 710 1502; x_wconf 91' lang='lat' dir='ltr'><strong>robur</strong></span> <span class='ocrx_word' id='word_1_127' title='bbox 720 1447 749 1501; x_wconf 91' lang='lat' dir='ltr'><strong>in</strong></span> <span class='ocrx_word' id='word_1_128' title='bbox 759 1445 849 1501; x_wconf 76' lang='lat' dir='ltr'><strong>Faenio</strong></span> <span class='ocrx_word' id='word_1_129' title='bbox 861 1445 936 1500; x_wconf 78' lang='lat' dir='ltr'><strong>Rufo</strong></span> 
     </span>
     <span class='ocr_line' id='line_1_20' title="bbox 137 1521 936 1595; baseline -0.001 -17"><span class='ocrx_word' id='word_1_130' title='bbox 137 1523 259 1594; x_wconf 85' lang='lat' dir='ltr'><strong>praefecto</strong></span> <span class='ocrx_word' id='word_1_131' title='bbox 275 1523 416 1590; x_wconf 76' lang='lat' dir='ltr'><strong>videbatur,</strong></span> <span class='ocrx_word' id='word_1_132' title='bbox 435 1543 511 1595; x_wconf 90' lang='lat' dir='ltr'><strong>quem</strong></span> <span class='ocrx_word' id='word_1_133' title='bbox 527 1525 582 1580; x_wconf 86' lang='lat' dir='ltr'><strong>vita</strong></span> <span class='ocrx_word' id='word_1_134' title='bbox 598 1524 714 1595; x_wconf 84' lang='lat' dir='ltr'><strong>famaque</strong></span> <span class='ocrx_word' id='word_1_135' title='bbox 732 1521 867 1578; x_wconf 81' lang='lat' dir='ltr'><strong>laudatum</strong></span> <span class='ocrx_word' id='word_1_136' title='bbox 888 1539 936 1593; x_wconf 82' lang='lat' dir='ltr'><strong>per</strong></span> 
     </span>
     <span class='ocr_line' id='line_1_21' title="bbox 139 1600 937 1675; baseline -0.001 -18"><span class='ocrx_word' id='word_1_137' title='bbox 139 1602 262 1657; x_wconf 73' lang='lat' dir='ltr'><strong>sevitiam</strong></span> <span class='ocrx_word' id='word_1_138' title='bbox 273 1603 506 1675; x_wconf 85' lang='lat' dir='ltr'><strong>impudicitiamque</strong></span> <span class='ocrx_word' id='word_1_139' title='bbox 524 1603 663 1675; x_wconf 74' lang='lat' dir='ltr'><strong>&#39;ligabimus</strong></span> <span class='ocrx_word' id='word_1_140' title='bbox 675 1604 703 1658; x_wconf 92' lang='lat' dir='ltr'><strong>in</strong></span> <span class='ocrx_word' id='word_1_141' title='bbox 713 1603 799 1656; x_wconf 90' lang='lat' dir='ltr'><strong>animo</strong></span> <span class='ocrx_word' id='word_1_142' title='bbox 811 1600 937 1672; x_wconf 79' lang='lat' dir='ltr'><strong>principis</strong></span> 
     </span>
     <span class='ocr_line' id='line_1_22' title="bbox 139 1678 939 1752; baseline 0 -20"><span class='ocrx_word' id='word_1_143' title='bbox 139 1678 259 1744; x_wconf 80' lang='lat' dir='ltr'><strong>anteibat,</strong></span> <span class='ocrx_word' id='word_1_144' title='bbox 270 1679 444 1752; x_wconf 83' lang='lat' dir='ltr'><strong>fatigabatque</strong></span> <span class='ocrx_word' id='word_1_145' title='bbox 453 1680 669 1735; x_wconf 89' lang='lat' dir='ltr'><strong>criminationibus</strong></span> <span class='ocrx_word' id='word_1_146' title='bbox 679 1697 708 1734; x_wconf 87' lang='lat' dir='ltr'><strong>ac</strong></span> <span class='ocrx_word' id='word_1_147' title='bbox 717 1696 784 1749; x_wconf 77' lang='lat' dir='ltr'><strong>sepe</strong></span> <span class='ocrx_word' id='word_1_148' title='bbox 797 1678 829 1732; x_wconf 92' lang='lat' dir='ltr'><strong>in</strong></span> <span class='ocrx_word' id='word_1_149' title='bbox 838 1683 939 1732; x_wconf 85' lang='lat' dir='ltr'><strong>metum</strong></span> 
     </span>
     <span class='ocr_line' id='line_1_23' title="bbox 140 1754 940 1828; baseline -0.001 -18"><span class='ocrx_word' id='word_1_150' title='bbox 140 1755 287 1823; x_wconf 81' lang='lat' dir='ltr'><strong>adduxerat,</strong></span> <span class='ocrx_word' id='word_1_151' title='bbox 306 1758 379 1828; x_wconf 87' lang='lat' dir='ltr'><strong>quasi</strong></span> <span class='ocrx_word' id='word_1_152' title='bbox 402 1757 544 1813; x_wconf 84' lang='lat' dir='ltr'><strong>adulterum</strong></span> <span class='ocrx_word' id='word_1_153' title='bbox 564 1757 732 1828; x_wconf 77' lang='lat' dir='ltr'><strong>Aggrippinrc</strong></span> <span class='ocrx_word' id='word_1_154' title='bbox 755 1759 782 1810; x_wconf 90' lang='lat' dir='ltr'><strong>et</strong></span> <span class='ocrx_word' id='word_1_155' title='bbox 808 1754 940 1810; x_wconf 87' lang='lat' dir='ltr'><strong>desiderio</strong></span> 
     </span>
     <span class='ocr_line' id='line_1_24' title="bbox 4 1831 940 1906; baseline -0.003 -18"><span class='ocrx_word' id='word_1_156' title='bbox 4 1833 7 1837; x_wconf 78' lang='grc'>’</span> <span class='ocrx_word' id='word_1_157' title='bbox 115 1833 195 1904; x_wconf 72' lang='lat' dir='ltr'><strong>cajus</strong></span> <span class='ocrx_word' id='word_1_158' title='bbox 207 1833 298 1889; x_wconf 86' lang='lat' dir='ltr'><strong>ultioni</strong></span> <span class='ocrx_word' id='word_1_159' title='bbox 310 1834 445 1890; x_wconf 90' lang='lat' dir='ltr'><strong>intentum.</strong></span> <span class='ocrx_word' id='word_1_160' title='bbox 481 1835 568 1906; x_wconf 73' lang='lat' dir='ltr'><strong>Igitur</strong></span> <span class='ocrx_word' id='word_1_161' title='bbox 576 1832 620 1889; x_wconf 91' lang='lat' dir='ltr'><strong>ubi</strong></span> <span class='ocrx_word' id='word_1_162' title='bbox 632 1832 771 1904; x_wconf 85' lang='lat' dir='ltr'><strong>conjuratis</strong></span> <span class='ocrx_word' id='word_1_163' title='bbox 782 1831 940 1902; x_wconf 72' lang='lat' dir='ltr'><strong>prefectum</strong></span> 
     </span>
     <span class='ocr_line' id='line_1_25' title="bbox 140 1907 941 1982; baseline -0.002 -19"><span class='ocrx_word' id='word_1_164' title='bbox 140 1927 241 1980; x_wconf 89' lang='lat' dir='ltr'><strong>quoque</strong></span> <span class='ocrx_word' id='word_1_165' title='bbox 264 1911 376 1981; x_wconf 84' lang='lat' dir='ltr'><strong>praetorii</strong></span> <span class='ocrx_word' id='word_1_166' title='bbox 398 1912 427 1967; x_wconf 92' lang='lat' dir='ltr'><strong>in</strong></span> <span class='ocrx_word' id='word_1_167' title='bbox 448 1915 534 1982; x_wconf 90' lang='lat' dir='ltr'><strong>partes</strong></span> <span class='ocrx_word' id='word_1_168' title='bbox 558 1909 717 1966; x_wconf 61' lang='lat' dir='ltr'><strong>desccmme</strong></span> <span class='ocrx_word' id='word_1_169' title='bbox 741 1907 835 1964; x_wconf 87' lang='lat' dir='ltr'><strong>crebro</strong></span> <span class='ocrx_word' id='word_1_170' title='bbox 855 1907 941 1979; x_wconf 86' lang='lat' dir='ltr'><strong>ipsius</strong></span> 
     </span>
     <span class='ocr_line' id='line_1_26' title="bbox 140 1984 941 2060; baseline -0.002 -19"><span class='ocrx_word' id='word_1_171' title='bbox 140 2003 255 2042; x_wconf 87' lang='lat' dir='ltr'><strong>sermone</strong></span> <span class='ocrx_word' id='word_1_172' title='bbox 267 1987 336 2042; x_wconf 87' lang='lat' dir='ltr'><strong>facta</strong></span> <span class='ocrx_word' id='word_1_173' title='bbox 347 1988 416 2054; x_wconf 83' lang='lat' dir='ltr'><strong>fides,</strong></span> <span class='ocrx_word' id='word_1_174' title='bbox 432 1988 574 2060; x_wconf 88' lang='lat' dir='ltr'><strong>promptius</strong></span> <span class='ocrx_word' id='word_1_175' title='bbox 587 1987 640 2058; x_wconf 81' lang='lat' dir='ltr'><strong>jam</strong></span> <span class='ocrx_word' id='word_1_176' title='bbox 657 1986 690 2041; x_wconf 90' lang='lat' dir='ltr'><strong>de</strong></span> <span class='ocrx_word' id='word_1_177' title='bbox 707 1989 827 2055; x_wconf 83' lang='lat' dir='ltr'><strong>tempore</strong></span> <span class='ocrx_word' id='word_1_178' title='bbox 839 2002 872 2039; x_wconf 83' lang='lat' dir='ltr'><strong>ac</strong></span> <span class='ocrx_word' id='word_1_179' title='bbox 884 1984 941 2039; x_wconf 88' lang='lat' dir='ltr'><strong>loco</strong></span> 
     </span>
     <span class='ocr_line' id='line_1_27' title="bbox 115 2060 942 2135; baseline -0.001 -18"><span class='ocrx_word' id='word_1_180' title='bbox 115 2062 216 2118; x_wconf 75' lang='lat' dir='ltr'><strong>reads</strong></span> <span class='ocrx_word' id='word_1_181' title='bbox 228 2064 366 2134; x_wconf 82' lang='lat' dir='ltr'><strong>agitabant.</strong></span> <span class='ocrx_word' id='word_1_182' title='bbox 401 2065 437 2120; x_wconf 76' lang='lat' dir='ltr'><strong>nt</strong></span> <span class='ocrx_word' id='word_1_183' title='bbox 455 2064 552 2135; x_wconf 87' lang='lat' dir='ltr'><strong>cepisse</strong></span> <span class='ocrx_word' id='word_1_184' title='bbox 569 2063 694 2134; x_wconf 84' lang='lat' dir='ltr'><strong>impeturn</strong></span> <span class='ocrx_word' id='word_1_185' title='bbox 712 2061 824 2116; x_wconf 89' lang='lat' dir='ltr'><strong>Subrius</strong></span> <span class='ocrx_word' id='word_1_186' title='bbox 841 2060 942 2116; x_wconf 79' lang='lat' dir='ltr'><strong>Flavus</strong></span> 
     </span>
     <span class='ocr_line' id='line_1_28' title="bbox 139 2135 943 2209; baseline 0 -16"><span class='ocrx_word' id='word_1_187' title='bbox 139 2138 270 2195; x_wconf 78' lang='lat' dir='ltr'><strong>ferebatur</strong></span> <span class='ocrx_word' id='word_1_188' title='bbox 292 2139 320 2196; x_wconf 94' lang='lat' dir='ltr'><strong>in</strong></span> <span class='ocrx_word' id='word_1_189' title='bbox 347 2159 423 2196; x_wconf 84' lang='lat' dir='ltr'><strong>scena</strong></span> <span class='ocrx_word' id='word_1_190' title='bbox 446 2145 579 2196; x_wconf 87' lang='lat' dir='ltr'><strong>canentem</strong></span> <span class='ocrx_word' id='word_1_191' title='bbox 602 2140 732 2195; x_wconf 84' lang='lat' dir='ltr'><strong>Neronem</strong></span> <span class='ocrx_word' id='word_1_192' title='bbox 762 2135 943 2209; x_wconf 83' lang='lat' dir='ltr'><strong>aggrediendi,</strong></span> 
     </span>
     <span class='ocr_line' id='line_1_29' title="bbox 140 2213 943 2288; baseline 0 -18"><span class='ocrx_word' id='word_1_193' title='bbox 140 2220 186 2270; x_wconf 90' lang='lat' dir='ltr'><strong>aut</strong></span> <span class='ocrx_word' id='word_1_194' title='bbox 204 2235 262 2272; x_wconf 89' lang='lat' dir='ltr'><strong>cunr</strong></span> <span class='ocrx_word' id='word_1_195' title='bbox 280 2217 384 2273; x_wconf 87' lang='lat' dir='ltr'><strong>ardente</strong></span> <span class='ocrx_word' id='word_1_196' title='bbox 403 2217 478 2272; x_wconf 90' lang='lat' dir='ltr'><strong>domo</strong></span> <span class='ocrx_word' id='word_1_197' title='bbox 494 2236 540 2288; x_wconf 90' lang='lat' dir='ltr'><strong>per</strong></span> <span class='ocrx_word' id='word_1_198' title='bbox 556 2220 658 2273; x_wconf 90' lang='lat' dir='ltr'><strong>noctem</strong></span> <span class='ocrx_word' id='word_1_199' title='bbox 674 2215 725 2270; x_wconf 92' lang='lat' dir='ltr'><strong>huc</strong></span> <span class='ocrx_word' id='word_1_200' title='bbox 742 2213 805 2269; x_wconf 82' lang='lat' dir='ltr'><strong>illue</strong></span> <span class='ocrx_word' id='word_1_201' title='bbox 822 2218 943 2270; x_wconf 69' lang='lat' dir='ltr'><strong>cursant</strong></span> 
     </span>
     <span class='ocr_line' id='line_1_30' title="bbox 117 2292 946 2364; baseline -0.002 -14"><span class='ocrx_word' id='word_1_202' title='bbox 117 2293 318 2350; x_wconf 86' lang='lat' dir='ltr'><strong>6incust0ditus.</strong></span> <span class='ocrx_word' id='word_1_203' title='bbox 345 2296 399 2350; x_wconf 85' lang='lat' dir='ltr'><strong>Hic</strong></span> <span class='ocrx_word' id='word_1_204' title='bbox 410 2296 508 2351; x_wconf 88' lang='lat' dir='ltr'><strong>occasio</strong></span> <span class='ocrx_word' id='word_1_205' title='bbox 518 2293 669 2358; x_wconf 84' lang='lat' dir='ltr'><strong>solitudinis,</strong></span> <span class='ocrx_word' id='word_1_206' title='bbox 679 2293 717 2348; x_wconf 88' lang='lat' dir='ltr'><strong>ibi</strong></span> <span class='ocrx_word' id='word_1_207' title='bbox 727 2292 785 2364; x_wconf 81' lang='lat' dir='ltr'><strong>ipsu</strong></span> <span class='ocrx_word' id='word_1_208' title='bbox 793 2292 946 2364; x_wconf 71' lang='lat' dir='ltr'><strong>frequentin</strong></span> 
     </span>
     <span class='ocr_line' id='line_1_31' title="bbox 139 2368 946 2442; baseline 0.006 -22"><span class='ocrx_word' id='word_1_209' title='bbox 139 2368 206 2421; x_wconf 88' lang='lat' dir='ltr'><strong>tanti</strong></span> <span class='ocrx_word' id='word_1_210' title='bbox 218 2368 315 2424; x_wconf 87' lang='lat' dir='ltr'><strong>decoris</strong></span> <span class='ocrx_word' id='word_1_211' title='bbox 333 2372 409 2426; x_wconf 88' lang='lat' dir='ltr'><strong>testis</strong></span> <span class='ocrx_word' id='word_1_212' title='bbox 425 2372 623 2442; x_wconf 85' lang='lat' dir='ltr'><strong>pulcherrimum</strong></span> <span class='ocrx_word' id='word_1_213' title='bbox 640 2370 754 2424; x_wconf 86' lang='lat' dir='ltr'><strong>animum</strong></span> <span class='ocrx_word' id='word_1_214' title='bbox 771 2370 946 2425; x_wconf 75' lang='lat' dir='ltr'><strong>extimuhre-</strong></span> 
     </span>
     <span class='ocr_line' id='line_1_32' title="bbox 139 2442 949 2518; baseline 0.011 -25"><span class='ocrx_word' id='word_1_215' title='bbox 139 2445 205 2504; x_wconf 87' lang='lat' dir='ltr'><strong>rant,</strong></span> <span class='ocrx_word' id='word_1_216' title='bbox 216 2442 265 2495; x_wconf 92' lang='lat' dir='ltr'><strong>uisi</strong></span> <span class='ocrx_word' id='word_1_217' title='bbox 276 2444 437 2512; x_wconf 83' lang='lat' dir='ltr'><strong>impunitatis</strong></span> <span class='ocrx_word' id='word_1_218' title='bbox 450 2447 543 2517; x_wconf 90' lang='lat' dir='ltr'><strong>cupido</strong></span> <span class='ocrx_word' id='word_1_219' title='bbox 554 2447 713 2510; x_wconf 87' lang='lat' dir='ltr'><strong>retinuisset,</strong></span> <span class='ocrx_word' id='word_1_220' title='bbox 724 2447 830 2517; x_wconf 79' lang='lat' dir='ltr'><strong>magnis</strong></span> <span class='ocrx_word' id='word_1_221' title='bbox 842 2463 949 2518; x_wconf 77' lang='lat' dir='ltr'><strong>semper</strong></span> 
     </span>
     <span class='ocr_line' id='line_1_33' title="bbox 90 2515 949 2592; baseline 0.012 -24"><span class='ocrx_word' id='word_1_222' title='bbox 90 2515 393 2573; x_wconf 67' lang='lat' dir='ltr'><strong>ulconatibnsadversa.</strong></span> <span class='ocrx_word' id='word_1_223' title='bbox 430 2522 540 2576; x_wconf 87' lang='lat' dir='ltr'><strong>Interim</strong></span> <span class='ocrx_word' id='word_1_224' title='bbox 549 2521 949 2592; x_wconf 80' lang='lat' dir='ltr'><strong>crmctantibusprolstsntibus·</strong></span> 
     </span>
     <span class='ocr_line' id='line_1_34' title="bbox 137 2595 952 2673; baseline 0.004 -21"><span class='ocrx_word' id='word_1_225' title='bbox 137 2603 186 2652; x_wconf 86' lang='lat' dir='ltr'><strong>que</strong></span> <span class='ocrx_word' id='word_1_226' title='bbox 194 2606 264 2673; x_wconf 68' lang='lat' dir='ltr'><strong>spem</strong></span> <span class='ocrx_word' id='word_1_227' title='bbox 274 2607 303 2643; x_wconf 85' lang='lat' dir='ltr'><strong>ac</strong></span> <span class='ocrx_word' id='word_1_228' title='bbox 310 2597 415 2660; x_wconf 89' lang='lat' dir='ltr'><strong>metum,</strong></span> <span class='ocrx_word' id='word_1_229' title='bbox 422 2595 556 2665; x_wconf 82' lang='lat' dir='ltr'><strong>Epicharis</strong></span> <span class='ocrx_word' id='word_1_230' title='bbox 565 2598 687 2668; x_wconf 78' lang='lat' dir='ltr'><strong>quaedum,</strong></span> <span class='ocrx_word' id='word_1_231' title='bbox 692 2599 826 2654; x_wconf 86' lang='lat' dir='ltr'><strong>incertum</strong></span> <span class='ocrx_word' id='word_1_232' title='bbox 833 2613 952 2671; x_wconf 75' lang='lat' dir='ltr'><strong>quoram</strong></span> 
     </span>
     <span class='ocr_line' id='line_1_35' title="bbox 28 2659 954 2737; baseline 0.015 -30"><span class='ocrx_word' id='word_1_233' title='bbox 28 2701 92 2718; x_wconf 55' lang='lat'><strong>„-</strong></span> <span class='ocrx_word' id='word_1_234' title='bbox 136 2659 212 2712; x_wconf 89' lang='lat' dir='ltr'><strong>modo</strong></span> <span class='ocrx_word' id='word_1_235' title='bbox 229 2663 365 2732; x_wconf 75' lang='lat' dir='ltr'><strong>sciscitata,</strong></span> <span class='ocrx_word' id='word_1_236' title='bbox 377 2667 471 2737; x_wconf 88' lang='lat' dir='ltr'><strong>(neque</strong></span> <span class='ocrx_word' id='word_1_237' title='bbox 482 2671 521 2728; x_wconf 82' lang='lat' dir='ltr'><strong>illi</strong></span> <span class='ocrx_word' id='word_1_238' title='bbox 532 2678 593 2729; x_wconf 73' lang='lat' dir='ltr'><strong>ante</strong></span> <span class='ocrx_word' id='word_1_239' title='bbox 610 2674 664 2730; x_wconf 62' lang='lat' dir='ltr'><strong>ulla</strong></span> <span class='ocrx_word' id='word_1_240' title='bbox 674 2693 764 2731; x_wconf 69' lang='lat' dir='ltr'><strong>rerum</strong></span> <span class='ocrx_word' id='word_1_241' title='bbox 773 2675 954 2733; x_wconf 62' lang='lat' dir='ltr'><strong>mmm</strong></span> 
     </span>
    </p>
   </div>
   <div class='ocr_carea' id='block_1_4' title="bbox 0 0 1004 2968">
    <p class='ocr_par' dir='ltr' id='par_1_4' title="bbox 0 0 1004 2968">
     <span class='ocr_line' id='line_1_36' title="bbox 0 0 1004 2968; baseline 0 0"><span class='ocrx_word' id='word_1_242' title='bbox 0 0 1004 2968; x_wconf 95' lang='lat' dir='ltr'><strong> </strong></span> 
     </span>
    </p>
   </div>
  </div>
 </body>
</html>
