1862 2952
171 101 218 150 194
505 101 624 150 TACITI

790 159 820 208 [a.
828 156 873 196 uc
882 151 920 196 ne

123 212 161 264 20
204 209 256 266 Sub
270 211 336 265 idem
352 215 454 282 tempus
469 212 499 268 Ο.
513 213 605 276 Cesar,
626 209 760 266 discedenti
777 209 864 277 Capreas
879 217 920 288 ²5⁰

168 304 259 352 comes,
281 287 418 352 Claudiam,
439 288 478 342 M.
500 288 579 342 Silani
601 288 685 352 filiam,
709 285 815 356 conjugio
833 279 918 348 aooepll

167 364 302 418 immanem
318 365 429 418 animum
446 363 553 419 subdola
569 363 694 418 modestia
707 367 797 434 tegens,
811 375 852 413 non
862 354 916 410 dan·

167 439 270 493 natione
287 440 383 504 matris,
396 459 448 494 non
464 440 539 495 exitio
557 441 665 494 fratrum
676 443 750 509 rupta
760 454 825 500 vooc;
839 430 916 503 qudem

168 514 235 569 diem
258 515 377 570 Tiberius
401 515 533 581 induisset,
558 516 614 587 pari
636 514 732 579 habitu,
755 511 814 568 baud
832 507 916 592 nultum

147 589 323 646 tdistantibus
335 592 427 647 verbis,
463 591 541 647 Unde
552 610 612 646 mox
624 591 717 646 scitum
727 586 828 644 Passieni
833 587 914 638 osas

168 665 265 722 dietum
285 666 452 737 percrebruit,
471 686 554 738 neque
573 667 702 721 meliorem
724 681 824 736 unquam
839 671 914 714 sarum

168 760 250 812 neque
262 742 412 798 deteriorem
424 743 554 798 dominum
566 743 654 798 fuisse.

146 827 161 872 3
203 819 265 873 Non
285 819 412 873 omiserim
432 820 583 889 presagium
602 818 698 873 Tiberii
716 816 747 872 de
764 813 837 870 Servio
854 805 914 864 Gall!

168 899 225 948 tum
237 895 356 960 consule;
375 913 451 965 quem
463 895 573 949 accitum
584 899 610 948 et
623 892 727 948 diversis
734 887 865 946 sermonibus
874 899 914 970 pfl·

168 974 297 1024 tentatum
314 975 443 1041 postremo
462 970 558 1025 Grseeis
576 969 660 1025 verbis
680 969 708 1023 in
724 968 784 1022 hanc
798 965 912 1020 sentem

169 1044 304 1111 allocutus,
320 1050 369 1101 “et
387 1051 425 1111 tu,
444 1046 531 1111 Galba,
549 1044 700 1116 quandoque
718 1039 846 1114 degustabis
858 1036 911 1118 inps

169 1121 236 1176 rium
247 1123 279 1186 ;'’
298 1141 380 1178 seram
392 1141 422 1177 ec
434 1122 535 1177 brevem
545 1121 685 1193 potentiam
693 1113 922 1192 signifiarssciut,

170 1196 346 1252 Chaldaeorum
366 1199 436 1263 artis,
459 1198 531 1269 cujus
548 1197 689 1268 apiscendae
706 1197 781 1251 otium
795 1190 850 1264 apud
862 1185 922 1264 lle,

169 1272 238 1338 dum,
250 1275 402 1346 magistrum
414 1274 574 1345 Thrasyllum
590 1273 689 1338 habuit,
705 1271 811 1344 peritiam
823 1269 866 1336 ejus
878 1261 922 1342 hott

125 1355 159 1408 21
169 1349 244 1404 modo
256 1343 391 1421 expertus:
411 1350 540 1410 Quotiens
548 1349 678 1420 supertali
686 1337 909 1420 negotiosissimis
921 1347 922 1352 ’

170 1425 238 1480 edita
249 1426 340 1480 domus
352 1431 424 1497 parte
437 1444 467 1481 ac
478 1425 564 1481 liberti
575 1425 651 1480 unius
664 1422 808 1480 conscientia
817 1415 908 1472 uenu-

148 1502 198 1557 21s
218 1502 364 1556 litterarum
379 1503 491 1573 ignarus,
510 1520 615 1573 corpore
632 1501 723 1567 valido,
738 1518 780 1571 per
793 1494 840 1551 avia
851 1484 909 1573 ψ

169 1582 246 1649 rupta
259 1580 328 1648 (nam
344 1579 412 1632 saxis
425 1578 515 1633 domus
532 1578 667 1646 imminet)
680 1576 780 1648 preibat
795 1589 848 1634 eum,
860 1575 908 1645 tlt!

170 1659 250 1709 ortem
262 1655 371 1725 experiri
383 1655 501 1709 Tiberius
521 1653 654 1709 statuisset
662 1676 670 1721 ;
689 1657 715 1709 et
730 1649 907 1731 regredientem

169 1731 288 1786 vanitatis
301 1735 346 1786 aut
357 1730 476 1785 fraudum
488 1730 598 1801 suspicio
610 1729 754 1794 incesserat,
769 1728 794 1782 in
807 1721 905 1801 subjectu!

147 1826 237 1870 3mare
257 1807 439 1878 praecipitabat,
456 1825 489 1861 ne
505 1805 582 1861 index
602 1806 689 1861 arcani
708 1805 824 1861 existeret
851 1795 906 1864 Idm

169 1885 315 1955 Thrasyllus
328 1883 409 1938 isdem
424 1883 530 1954 rupibus
548 1882 670 1937 inductus
686 1886 810 1953 postquam
825 1879 905 1946 pervum

167 1964 266 2014 tantem
287 1965 464 2024 commoverat,
484 1959 618 2030 imperium
638 1959 690 2029 ipsi
703 1963 729 2014 et
742 1958 820 2011 futura
830 1945 904 2034 solut!

168 2037 330 2104 patefaciens,
350 2036 524 2106 interrogetur
547 2053 580 2088 an
603 2053 677 2088 suam
701 2051 794 2106 quoque
813 2017 903 2106 30le

167 2112 256 2166 horam
276 2112 443 2182 comperisset
453 2135 460 2177 ;
480 2130 555 2181 quem
575 2115 632 2165 tum
651 2130 751 2176 annum,
770 2107 850 2180 qudem
863 2095 901 2152 dt!

145 2186 279 2245 shaberet.
328 2189 376 2242 Ille
399 2189 498 2259 positus
523 2187 633 2242 siderum
657 2207 688 2242 ae
710 2186 788 2258 spotia
811 2181 900 2263 dlffltffi

167 2265 262 2319 haerere
269 2265 358 2334 primo,
368 2265 426 2319 dein
435 2283 569 2335 pavescere
579 2286 585 2325 ;
602 2268 629 2318 et
637 2268 757 2334 quantum
769 2262 855 2326 introspl

167 2341 248 2411 magis
267 2360 297 2396 ac
315 2342 396 2411 magis
415 2341 531 2413 trepidus
551 2341 725 2396 admirationis
744 2344 768 2395 et
785 2335 899 2406 metnall*

166 2422 248 2470 tremo
266 2415 389 2470 exclamat
407 2417 554 2488 ambiguum
570 2417 620 2472 sibi
637 2435 667 2472 ac
682 2435 758 2488 prope
772 2396 897 2485 ultumi*

144 2504 157 2547 5
166 2490 261 2545 crimen
267 2489 369 2544 instare.
401 2493 466 2546 Tum
476 2493 623 2564 complexus
632 2511 691 2548 enm
701 2491 806 2548 'liberius
813 2483 896 2559 pratel*

164 2564 333 2634 periculorum
349 2569 375 2618 et
391 2567 543 2623 ineolumem
559 2569 614 2623 tore
628 2574 745 2640 gratatur
753 2589 760 2634 ;
776 2550 896 2637 qwatlu'

164 2643 227 2705 erat,
238 2637 315 2693 oracli
323 2639 378 2694 viee
390 2641 524 2710 accipiens,
534 2644 603 2699 inter
613 2645 718 2702 intimos
730 2644 845 2700 amioomu
