2026 2992
251 135 449 188 ANNALIUM
466 139 510 188 1v.
523 141 627 192 to-ra
795 143 842 196 17⁸

39 194 187 302 buliuffin
205 247 360 314 meditando,
379 250 425 306 nbi
447 252 612 324 prorupisset,
628 251 748 309 hiatibus
765 251 842 310 diutia

40 324 137 379 atrouia
149 323 227 379 lauta
237 326 399 398 oonjnngore.

69 400 122 456 Per
135 400 212 456 idem
227 405 331 472 tempus
349 402 420 458 Juliu
434 407 541 460 mortem
557 403 628 470 obiit,
641 421 719 477 quani
736 409 866 478 neptunio

39 478 180 548 Angustus
202 477 345 533 ounviusni
356 478 481 534 adulterii
499 480 669 550 dammrerat,
688 483 839 556 projeuerat-

37 570 83 622 qne
94 553 125 608 in
138 553 257 608 insulam
268 554 419 620 Trimerum,
431 556 498 611 haud
509 557 599 628 prooul
610 558 701 629 Apulis
712 559 838 616 litoribus.

36 629 91 684 lllio
117 629 220 702 viginti
250 630 323 685 annis
350 631 456 688 exilium
484 633 611 700 toleravit,
636 637 762 707 Augusta
791 645 864 710 opst

34 710 207 772 sustentata3
227 724 285 776 que
301 707 422 763 florentes
439 709 568 781 privignos
579 729 639 766 oum
654 729 700 783 per
710 712 840 768 oounlturn

34 781 223 849 subvertisset,
242 783 440 839 miserioordiam
457 803 518 858 erga
534 787 640 842 affliutus
655 787 738 860 pslann
755 793 840 844 ostan-

71 933 180 990 Eodenn
205 952 273 990 anno
296 935 381 1003 Frisii,
400 938 599 994 transrhenanus
615 939 733 1010 populus,
751 953 887 1012 paoem72

34 1029 143 1076 exuere,
162 1020 255 1065 nostra
265 1011 348 1083 magis
361 1013 473 1078 avaritia
487 1033 563 1085 quam
578 1014 693 1086 obsequii
707 1016 839 1088 impatien-

34 1089 87 1142 tes.
126 1086 269 1142 Tnbuiuus
283 1087 315 1142 iis
333 1088 435 1144 Drusus
450 1090 562 1160 jusserat
580 1091 714 1156 modionas,
733 1109 780 1163 pro
797 1107 863 1153 ans

35 1164 128 1233 gustis
139 1182 237 1229 rerum,
246 1167 278 1218 ut
287 1164 315 1219 in
325 1181 389 1220 usus
398 1165 520 1221 militares
530 1167 598 1222 ouria
606 1166 682 1222 bourn
692 1167 837 1238 penderent,

36 1257 92 1295 non
103 1241 209 1296 intenta
227 1241 379 1312 uujusquam
396 1259 457 1297 oura
473 1261 530 1314 quie
547 1243 754 1315 imbutaque
771 1263 839 1302 uren-

38 1335 119 1382 sura;
137 1317 223 1372 donee
235 1317 368 1382 Olennius,
381 1336 396 1374 a
407 1319 604 1390 primipilaribus
621 1320 738 1392 regendis
750 1321 838 1378 Frisiis

38 1393 185 1464 impositus,
208 1397 284 1463 terga
301 1411 407 1448 urorum
430 1394 526 1466 delegit
543 1413 652 1466 quorum
675 1395 708 1452 ud
730 1397 838 1454 formam

39 1471 228 1541 acciperentur.
252 1470 292 1535 Id,
306 1469 362 1524 aliis
371 1487 474 1542 quoqne
486 1471 631 1527 nationibus
643 1471 758 1539 udunm,
770 1474 837 1544 apud
847 1490 862 1535 s

41 1546 183 1602 Germanos
209 1545 335 1602 diffioilius
358 1546 521 1613 tolerabatur,
540 1549 600 1617 quis
624 1548 767 1620 ingentium
787 1549 838 1605 bel-

41 1621 140 1677 luarum
152 1623 254 1678 feruores
266 1623 356 1688 saltus,
369 1622 468 1678 modios
483 1623 551 1679 dumi
568 1629 683 1680 amenta
693 1629 762 1681 sunt.
797 1628 862 1682 Aos

41 1699 121 1767 primo
140 1699 222 1754 boves
239 1700 317 1770 ipsos,
336 1717 397 1754 mox
414 1717 495 1770 agros,
511 1703 640 1771 postremo
657 1719 764 1772 uorpora
780 1719 837 1757 oon·

39 1773 129 1845 jugum
147 1779 196 1830 aut
214 1774 360 1840 liberorum,
373 1775 477 1830 servitiu
495 1775 637 1832 tradebant.
674 1777 745 1832 Hino
761 1777 800 1832 ira
811 1782 860 1834 eto

43 1855 154 1920 quastus,
169 1854 207 1921 et,
219 1855 357 1921 postquam
367 1868 421 1906 non
434 1851 638 1918 subveniebatur,
651 1852 789 1908 remedium
805 1871 836 1910 ex

42 1925 113 1981 bello.
150 1928 243 1997 Rapti,
255 1927 301 1996 qui
318 1926 417 1982 tributo
434 1927 548 1994 oderant,
566 1929 660 1984 milites
678 1933 704 1984 et
722 1928 837 1999 patibulo

40 2003 116 2058 affixi.
168 2003 297 2058 Olennius
327 2003 440 2058 intumos
468 2003 532 2075 fuga
560 2005 690 2074 prevenit,
719 2010 860 2078 reseptuso

40 2081 152 2145 malello,
173 2081 217 2135 oui
235 2098 328 2134 numan
345 2079 469 2146 Flevum
487 2086 514 2134 et
535 2081 603 2136 baud
624 2082 766 2152 spernenda
784 2083 836 2140 illio

40 2157 133 2210 civium
155 2157 337 2227 sociorumque
354 2173 445 2210 manus
466 2156 542 2211 litura
564 2158 659 2213 Oueani
677 2159 836 2230 presidebat.

40 2232 117 2292 Quod
131 2232 181 2288 ubi
193 2232 225 2286 L,
240 2231 353 2303 Apronio
369 2231 496 2287 inferioris
513 2233 654 2289 Germania
665 2253 712 2306 pro
728 2241 836 2306 pretore
846 2245 882 2300 73

40 2309 183 2380 augustum,
196 2309 288 2364 vexilla
299 2307 428 2380 legionum
441 2327 455 2364 e
472 2311 601 2381 superiore
617 2311 753 2382 provincis,
766 2313 837 2384 pedi·

40 2395 147 2456 uimque
172 2389 200 2439 et
225 2384 342 2456 equitum
366 2385 524 2440 auxiliarium
548 2385 659 2442 delectos
683 2388 782 2454 auoivit,
807 2407 838 2444 ao

41 2461 116 2515 simul
140 2465 281 2531 utrumque
306 2461 448 2516 exereitum
471 2462 563 2517 Rheno
590 2463 723 2518 devectum
747 2464 837 2518 Frisiis

40 2537 134 2602 intulit,
159 2536 245 2592 soluto
266 2537 321 2609 jain
340 2537 438 2592 castelli
455 2537 553 2592 obsidio
571 2545 597 2592 et
615 2539 648 2594 ad
665 2557 712 2593 sua
729 2538 838 2593 tutanda

41 2613 163 2684 digressis
176 2612 321 2668 rebellibus.
356 2613 442 2684 Igitur
449 2613 565 2683 proxima
572 2615 690 2669 aestuaria
701 2610 861 2682 aggeribust

42 2697 65 2744 et
76 2689 203 2762 pontibus
215 2688 374 2746 traduoendo
390 2689 501 2761 graviori
516 2689 613 2762 agmini
623 2689 716 2742 firmat.
753 2688 838 2749 Atque
