1860 2956
223 119 418 170 siruamus(
435 119 497 170 XII.
511 119 615 168 td-dl.
772 119 820 171 208

24 181 185 232 annam]

22 236 161 307 Tarquitio
180 236 276 292 Prisco.
312 236 428 307 legatus
445 237 469 292 is
485 236 564 292 Tauri
581 235 694 292 alricum
717 233 846 304 imperict

21 313 203 388 proconsulari
220 314 340 384 regentis,
359 321 495 384 postqum
512 316 669 376 revenerunt,
690 328 771 382 pauca
785 328 823 366 ra·

6 391 200 463 -pemndarum
222 390 335 455 erimina,
361 395 474 446 ceterum
497 389 609 458 magicas
628 387 823 458 superstitiones

20 469 183 541 objectabat.
219 468 277 522 Nec
288 467 331 524 ille
342 467 439 522 diutius
451 467 544 524 lalsum
559 471 730 522 accusatorem
742 464 847 536 indiffa

18 564 124 617 uaeque
149 544 239 600 sordes
262 563 405 615 perpessus,
429 544 482 600 vim
505 545 565 598 rita
585 563 638 598 sua
657 541 744 598 attulit
763 549 823 598 aute

20 623 183 681 mannaan
200 626 313 679 scrutatus¹
350 622 497 692 Tarquitius
519 625 605 676 tamen
628 621 698 676 curia
718 623 847 676 exactus

20 704 77 765 est3
97 697 171 770 qaod
184 702 270 768 patres
286 698 345 756 odio
360 698 480 754 delatoria
495 701 585 754 contra
596 696 719 752 ambitum
731 696 822 768 Agrip·

18 775 89 846 pins
102 775 245 846 pervicere.

53 851 162 912 Eodem
180 867 247 909 anuo
265 850 359 920 sepius
371 849 519 906 auditavox
531 849 659 920 principis,
673 867 759 920 parem
771 847 870 904 vim60

18 945 110 982 rerum
127 925 273 980 habendam
289 944 305 979 a
320 925 526 996 procuratoribus
543 925 596 980 suis
610 925 779 996 judicatarum
794 943 823 980 ac

18 1004 113 1075 a'ipac
125 1002 272 1061 statuisset.
309 1003 348 1059 Ac
362 1020 395 1056 uc
412 1002 520 1056 fortrdto
535 1002 667 1073 prolapsus
685 1001 847 1067 videretur,t

17 1085 131 1138 senatus
145 1097 248 1150 quoque
259 1077 377 1134 musulto
390 1082 494 1132 cantum
506 1077 605 1147 plenius
617 1096 692 1150 quam
705 1081 780 1132 antea
796 1082 823 1134 et

17 1157 139 1214 uberius.
177 1154 247 1210 Nam
271 1153 346 1208 diruis
370 1156 505 1226 Augustus
529 1153 597 1223 apud
620 1158 750 1224 equestres
780 1155 847 1224 quit

16 1234 142 1304 Egypt>
154 1230 322 1302 praesiderent
333 1230 390 1301 lega
402 1230 450 1300 agi,
464 1230 616 1300 decretaque
625 1248 711 1284 eorum
721 1229 824 1302 perinde

16 1309 112 1367 baberi
121 1309 240 1379 jusserat
250 1324 282 1362 ac
294 1307 317 1362 si
329 1306 494 1377 magistratus
503 1306 613 1360 Romani
623 1306 823 1362 constituissent.

15 1385 85 1443 Mox
99 1385 166 1446 alias
179 1401 227 1454 per
244 1382 387 1453 provincias
403 1387 430 1438 et
445 1383 473 1438 in
490 1383 553 1438 urbe
569 1382 688 1454 pleraque
706 1401 825 1438 concessa

15 1467 90 1528 snut,
118 1479 180 1533 quae
202 1459 262 1514 olim
283 1459 470 1529 supinioribus
491 1459 666 1514 noscebantur.
703 1459 850 1516 Claudiana

14 1558 98 1596 omne
114 1539 162 1610 jus
181 1535 297 1601 tradidit,
316 1536 347 1591 de
365 1554 415 1606 quo
432 1537 527 1592 totiens
545 1536 668 1595 seditione
686 1541 731 1592 aut
749 1535 825 1592 armis

14 1619 163 1682 natatum
173 1631 234 1670 eum
247 1613 402 1684 Semproniis
411 1612 586 1684 rogationibus
598 1618 716 1684 equester
728 1611 789 1666 ordo
798 1612 826 1668 in

12 1691 190 1764 possessione
206 1689 360 1760 judiciorum
377 1689 512 1756 locaretur,
530 1694 575 1744 aut
593 1709 694 1744 rursum
714 1689 825 1744 Serviliae

11 1769 92 1840 leges
105 1767 214 1823 senatui
221 1765 319 1836 judicia
329 1765 471 1834 redderent,
483 1766 634 1836 Mariusque
645 1769 672 1820 et
686 1765 754 1836 Sylla
765 1765 824 1820 olim

13 1846 49 1904 de
61 1863 99 1902 co
111 1843 157 1901 vel
169 1842 297 1912 precipue
306 1841 436 1900 bdbreut.
471 1841 524 1896 Sed
533 1847 595 1898 tunc
602 1841 717 1898 ordinum
727 1840 848 1898 diversas

11 1921 120 1985 stadia,
135 1923 163 1980 et
178 1936 234 1988 qua
247 1919 367 1984 vicerant,
380 1917 612 1990 publicavelebant.
644 1919 673 1972 O.
687 1919 785 1990 Oppius
798 1928 825 1974 et

11 1996 165 2055 Cornelius
179 1994 276 2052 Balbus
288 1994 363 2064 primi
381 1995 488 2050 cesaris
507 1995 597 2065 opibus
616 1999 723 2066 potuere
741 1993 825 2050 condi-

9 2075 108 2136 tiones
121 2070 197 2143 pacis
207 2075 236 2126 et
255 2071 360 2128 arbitria
374 2071 434 2126 belli
451 2074 570 2126 tractare.
606 2071 703 2126 Matios
719 2071 848 2142 posthaec

8 2157 42 2212 et
64 2148 176 2204 Vedios
199 2151 226 2202 et
247 2151 333 2202 cetera
355 2148 470 2218 equitum
494 2147 667 2202 Romanorum
691 2148 826 2218 praevalida

8 2227 131 2291 aomina
151 2223 249 2280 reterre
263 2224 326 2278 nihil
341 2223 481 2288 attinuerit,
502 2240 560 2278 cum
577 2223 698 2280 Claudius
712 2224 824 2290 libertos,

7 2321 88 2376 quos
108 2300 151 2364 rei
171 2299 289 2358 familiari
305 2300 461 2371 prefecerat,
480 2299 579 2371 sibique
597 2305 623 2356 et
640 2299 739 2372 legibus
761 2301 825 2358 adae-

53 2378 157 2435 averit.

8 2399 182 2514 ‘lunanum
194 2450 285 2512 deinde
297 2451 329 2506 de
340 2451 500 2509 immunitate
514 2451 573 2508 Cois
582 2451 724 2518 tribuenda,
735 2453 826 2508 multa-
837 2455 870 2508 61

7 2551 72 2606 qus
98 2546 182 2598 super
203 2528 356 2599 antiquitate
376 2546 464 2587 eorum
479 2529 643 2587 memoravitr
660 2529 770 2598 Argivos
787 2527 828 2582 vel

11 2614 120 2673 Qum
133 2608 245 2668 Latonas
256 2611 388 2678 parentem
399 2608 586 2662 vetustissimos
598 2608 686 2660 insulse
698 2603 808 2658 cultores
820 2622 827 2665 ;

10 2705 87 2754 mon
101 2684 219 2748 nauem
231 2683 372 2753 AEsuolmii
384 2687 466 2743 amem
476 2679 700 2746 annumerem
711 2673 828 2727 nmine
