1960 2952
286 103 483 151 ANNALIUM
502 101 522 150 1.
535 102 638 150 ts-os.
829 101 859 152 8⁷

59 166 184 271 iidiilin
205 217 233 269 et
254 217 350 269 sortem
370 215 509 268 hominum.
546 213 682 268 Praemisso
704 211 810 277 oscus,
832 215 886 268 utu

59 293 160 347 occulta
178 291 291 345 saltuum
309 295 476 356 scrutaretur,
488 293 629 361 pontesque
647 293 675 344 et
692 307 799 360 aggeres
817 290 863 344 hu-

57 371 126 425 mido
139 369 263 440 paludum
275 373 302 424 et
318 369 449 424 fallacibus
467 369 563 439 campis
579 369 727 439 imponeret,
740 367 863 423 incedunt

58 452 161 502 moestos
186 446 264 512 locos,
283 447 390 517 visuque
414 464 444 501 so
464 445 585 500 memoris
606 445 739 500 deformes.
776 445 886 500 Prinas

13 579 15 582 ,
57 525 121 580 Vari
139 527 233 589 eastre,
252 523 304 578 lato
322 523 420 578 ambitu
437 526 465 578 et
482 522 604 578 dimensis
625 521 765 593 principiis,
783 523 863 578 trium

56 602 188 672 legionum
206 619 295 655 manus
313 600 492 666 ostentabsut3
512 599 571 654 dein
586 599 709 654 semiruto
729 599 800 666 vello,
817 600 863 654 hu·
930 613 938 632 ·

56 679 111 733 mili
130 679 201 733 fosse
218 679 307 734 eooisae
322 679 374 749 jam
392 678 506 747 reliquie
523 676 667 732 consedisse
684 676 864 748 intellegeban-

56 759 115 810 tur:
142 754 228 809 medio
250 755 332 826 campi
353 754 464 810 albentis
484 771 550 820 osse,
572 757 603 808 ut
623 753 750 824 fugerunt,
773 758 803 807 ut
823 772 863 809 re·

56 833 188 898 stiterunt,
203 832 314 902 'disjecta
331 832 372 887 vel
392 835 520 904 aggerata.
558 829 716 902 Adjucebunt
739 829 887 902 fragminst

55 910 169 964 telorum
198 926 372 980 equorumque
399 913 478 973 artus,
508 907 583 962 simui
614 907 712 962 tunicis
745 907 862 962 arborum
898 921 900 926 ·

55 987 170 1041 antefixa
181 1003 234 1040 ors
271 986 350 1040 Lucis
363 985 511 1057 propinquis
523 984 635 1039 barbare
648 1002 706 1050 ure,
719 983 787 1056 opud
799 993 885 1056 quus5

55 1064 177 1118 tribunos
203 1081 233 1118 sc
253 1063 393 1134 primorum
416 1062 534 1117 ordinum
555 1062 717 1117 centuriones
739 1067 862 1118 muotere-

54 1146 122 1196 rant.
160 1141 198 1194 Et
217 1140 295 1196 cledis
313 1141 368 1211 ejus
386 1140 546 1211 superstites,
565 1158 676 1212 pugnem
696 1143 741 1194 sut
761 1141 886 1196 vinculae

54 1218 145 1289 elapsi,
171 1216 317 1272 referebant
345 1217 387 1271 hic
415 1216 536 1272 cecidisse
563 1216 671 1288 legatos,
696 1216 747 1271 illic
775 1221 862 1288 reptas

53 1295 154 1366 aquilus
162 1317 170 1361 ;
191 1295 300 1364 primum
315 1293 361 1348 ubi
376 1293 468 1350 vulnus
481 1293 551 1347 Varo
568 1293 693 1359 adsutum,
706 1293 752 1348 ubi
767 1294 861 1349 infelici

52 1373 164 1428 dextera
187 1374 213 1426 et
235 1389 287 1425 suo·
300 1372 355 1426 ictu
376 1373 484 1426 mortem
506 1370 646 1438 invenerit;
669 1389 720 1442 quo
740 1371 863 1427 tribunali

51 1449 224 1506 concionatus
253 1448 391 1513 Arminius,
419 1451 483 1518 quot
510 1447 626 1518 patibula
659 1448 775 1520 captivis,
805 1467 862 1519 quse
953 1479 961 1487 -

51 1527 160 1584 scrobes
171 1548 179 1592 ;
198 1529 279 1596 utque
291 1526 370 1597 signis
383 1530 409 1580 et
422 1525 512 1596 equilis
524 1545 570 1596 per
582 1526 726 1597 superbiam
742 1527 859 1581 illuserit·

87 1605 182 1675 igitur
202 1603 334 1657 Romanus
356 1603 400 1673 qui
420 1603 507 1657 aderet
526 1603 662 1668 exercitus,
682 1606 784 1658 sextum
802 1600 908 1673 post62

49 1682 134 1738 cladis
159 1698 263 1744 anuum,
288 1680 368 1734 trium
392 1680 521 1750 legionum
549 1697 615 1744 ossa,
640 1679 711 1733 nullo
740 1684 862 1736 noscente

49 1761 151 1815 alienes
175 1757 294 1828 reliquias
316 1776 349 1811 un
369 1775 474 1812 suorum
495 1757 574 1812 humo
595 1759 703 1828 tegeret,
723 1772 811 1811 omnes
831 1761 862 1812 ut

14 1865 15 1872 1
49 1837 217 1909 conjunctos,
245 1838 277 1889 ut
300 1835 508 1906 consanguineos,
534 1839 611 1889 aucta
635 1834 662 1888 in
685 1833 786 1888 hostem
815 1834 860 1901 ira,

48 1913 139 1969 moesti
151 1911 229 1966 simul
241 1915 268 1966 et
280 1911 373 1966 infensi
389 1910 539 1966 condebant.
577 1911 693 1966 Primum
707 1912 886 1968 exstrueud02

46 1989 157 2046 tumulo
176 1988 306 2058 cespitem
324 1987 410 2043 Cesar
430 1988 524 2060 posuit,
543 1989 688 2059 gratissimo
709 2007 814 2045 munere
835 1990 863 2045 in

47 2067 201 2130 defunctos,
215 2069 242 2119 et
254 2065 421 2136 presentibus
434 2064 528 2120 doloris
541 2066 633 2121 socius,
670 2066 748 2126 Quod
760 2067 885 2124 'liberios

44 2143 123 2202 haud
152 2141 296 2213 probatum,
322 2161 368 2197 seu
398 2146 491 2197 cuncta
519 2142 664 2198 Germanioi
693 2144 720 2198 in
748 2145 862 2199 deterius

43 2220 179 2286 trahenti,
201 2221 255 2276 sive
279 2221 419 2276 exercitum
443 2221 553 2292 imagine
576 2241 699 2278 osesornm
724 2222 862 2294 insepulto

42 2317 165 2369 rumque
177 2297 307 2352 tardatum
319 2298 352 2354 sd
367 2297 454 2370 prelis
465 2301 492 2352 ct
509 2298 737 2354 formidolosiorem
749 2300 863 2354 hostium

42 2375 185 2439 credebat,
197 2393 281 2445 neque
297 2375 476 2446 imperatorem
493 2380 621 2447 auguratu
639 2379 666 2431 et
681 2377 862 2432 vetustissimis

41 2450 208 2513 eaerimoniis
220 2451 357 2522 preditum
368 2455 507 2506 attrectare
518 2451 607 2507 ferulis
619 2445 744 2507 debuisse.

84 2527 141 2585 Sed
156 2527 323 2599 Germsnicus
335 2527 468 2583 cedentem
480 2529 508 2582 in
520 2529 578 2582 avia
590 2523 734 2581 Arminium
750 2529 862 2583 secutus,
873 2523 909 2572 63

39 2607 95 2665 nbi
110 2605 225 2677 primum
236 2605 310 2676 eopia
321 2604 379 2669 fuit,
393 2604 467 2659 evehi
483 2603 590 2673 equites,
601 2616 775 2668 campumque,
788 2613 864 2662 quem

38 2683 136 2743 hosts
154 2681 295 2749 mensur,
312 2679 377 2753 cripi
390 2679 474 2751 jubet.
510 2676 643 2732 simun
660 2670 746 2735 cousi
761 2682 821 2719 suos
837 2666 888 2713 01²
