<?xml version="1.0" encoding="UTF-8"?>
<!DOCTYPE html PUBLIC "-//W3C//DTD XHTML 1.0 Transitional//EN"
    "http://www.w3.org/TR/xhtml1/DTD/xhtml1-transitional.dtd">
<html xmlns="http://www.w3.org/1999/xhtml" xml:lang="en" lang="en">
 <head>
  <title>
</title>
<meta http-equiv="Content-Type" content="text/html;charset=utf-8" />
  <meta name='ocr-system' content='tesseract 3.04.00' />
  <meta name='ocr-capabilities' content='ocr_page ocr_carea ocr_par ocr_line ocrx_word'/>
</head>
<body>
  <div class='ocr_page' id='page_1' title='image "./opera04tacigoog_0118.png"; bbox 0 0 2026 2992; ppageno 0'>
   <div class='ocr_carea' id='block_1_1' title="bbox 33 145 819 258">
    <p class='ocr_par' dir='ltr' id='par_1_1' title="bbox 33 145 819 258">
     <span class='ocr_line' id='line_1_1' title="bbox 33 145 819 258; baseline 0.003 -62"><span class='ocrx_word' id='word_1_1' title='bbox 33 209 78 248; x_wconf 57' lang='lat' dir='ltr'><strong><em>w</em></strong></span> <span class='ocrx_word' id='word_1_2' title='bbox 93 209 134 258; x_wconf 61' lang='lat' dir='ltr'><strong>w]</strong></span> <span class='ocrx_word' id='word_1_3' title='bbox 222 145 421 196; x_wconf 69' lang='lat' dir='ltr'><strong>Adustum</strong></span> <span class='ocrx_word' id='word_1_4' title='bbox 438 148 492 196; x_wconf 90' lang='lat'>111.</span> <span class='ocrx_word' id='word_1_5' title='bbox 510 149 613 198; x_wconf 77' lang='grc'><strong>27-80.</strong></span> <span class='ocrx_word' id='word_1_6' title='bbox 772 150 819 198; x_wconf 77' lang='lat' dir='ltr'><strong>loa</strong></span> 
     </span>
    </p>
   </div>
   <div class='ocr_carea' id='block_1_2' title="bbox 18 257 865 2636">
    <p class='ocr_par' dir='ltr' id='par_1_2' title="bbox 18 257 854 1482">
     <span class='ocr_line' id='line_1_2' title="bbox 30 257 819 332; baseline 0.006 -21"><span class='ocrx_word' id='word_1_7' title='bbox 30 276 122 312; x_wconf 77' lang='lat' dir='ltr'><strong>nonme</strong></span> <span class='ocrx_word' id='word_1_8' title='bbox 145 257 300 328; x_wconf 76' lang='lat' dir='ltr'><strong>capessendi</strong></span> <span class='ocrx_word' id='word_1_9' title='bbox 320 259 509 331; x_wconf 69' lang='lat' dir='ltr'><strong>vigintiviratus</strong></span> <span class='ocrx_word' id='word_1_10' title='bbox 529 259 679 326; x_wconf 86' lang='lat' dir='ltr'><strong>solveretur,</strong></span> <span class='ocrx_word' id='word_1_11' title='bbox 697 263 725 316; x_wconf 87' lang='lat' dir='ltr'><strong>et</strong></span> <span class='ocrx_word' id='word_1_12' title='bbox 746 260 819 332; x_wconf 88' lang='lat' dir='ltr'><strong>quiu-</strong></span> 
     </span>
     <span class='ocr_line' id='line_1_3' title="bbox 30 334 854 408; baseline 0.008 -21"><span class='ocrx_word' id='word_1_13' title='bbox 30 334 127 404; x_wconf 88' lang='lat' dir='ltr'><strong>quennio</strong></span> <span class='ocrx_word' id='word_1_14' title='bbox 143 335 277 389; x_wconf 82' lang='lat' dir='ltr'><strong>maturius</strong></span> <span class='ocrx_word' id='word_1_15' title='bbox 296 353 372 406; x_wconf 90' lang='lat' dir='ltr'><strong>quam</strong></span> <span class='ocrx_word' id='word_1_16' title='bbox 390 335 521 406; x_wconf 79' lang='lat' dir='ltr'><strong>perleges</strong></span> <span class='ocrx_word' id='word_1_17' title='bbox 539 339 692 407; x_wconf 71' lang='lat' dir='ltr'><strong>questurum</strong></span> <span class='ocrx_word' id='word_1_18' title='bbox 708 339 816 408; x_wconf 80' lang='lat' dir='ltr'><strong>peteret.</strong></span> <span class='ocrx_word' id='word_1_19' title='bbox 846 357 854 380; x_wconf 76' lang='lat'><em>⁶</em></span> 
     </span>
     <span class='ocr_line' id='line_1_4' title="bbox 28 411 842 482; baseline 0.006 -17"><span class='ocrx_word' id='word_1_20' title='bbox 28 429 70 465; x_wconf 90' lang='lat' dir='ltr'><strong>uon</strong></span> <span class='ocrx_word' id='word_1_21' title='bbox 85 412 138 466; x_wconf 84' lang='lat' dir='ltr'><strong>aine</strong></span> <span class='ocrx_word' id='word_1_22' title='bbox 158 411 242 466; x_wconf 86' lang='lat' dir='ltr'><strong>irrisu</strong></span> <span class='ocrx_word' id='word_1_23' title='bbox 268 411 422 466; x_wconf 86' lang='lat' dir='ltr'><strong>audientium</strong></span> <span class='ocrx_word' id='word_1_24' title='bbox 447 412 594 482; x_wconf 83' lang='lat' dir='ltr'><strong>postulavit.</strong></span> <span class='ocrx_word' id='word_1_25' title='bbox 629 412 842 480; x_wconf 68' lang='lat' dir='ltr'><strong>Pretendebutt</strong></span> 
     </span>
     <span class='ocr_line' id='line_1_5' title="bbox 28 487 818 562; baseline 0.006 -21"><span class='ocrx_word' id='word_1_26' title='bbox 28 487 68 542; x_wconf 84' lang='lat' dir='ltr'><strong>sbi</strong></span> <span class='ocrx_word' id='word_1_27' title='bbox 78 493 153 559; x_wconf 87' lang='lat' dir='ltr'><strong>atque</strong></span> <span class='ocrx_word' id='word_1_28' title='bbox 164 488 246 543; x_wconf 80' lang='lat' dir='ltr'><strong>tratri</strong></span> <span class='ocrx_word' id='word_1_29' title='bbox 264 487 366 544; x_wconf 78' lang='lat' dir='ltr'><strong>decreta</strong></span> <span class='ocrx_word' id='word_1_30' title='bbox 382 488 471 544; x_wconf 88' lang='lat' dir='ltr'><strong>eadem</strong></span> <span class='ocrx_word' id='word_1_31' title='bbox 486 493 590 560; x_wconf 86' lang='lat' dir='ltr'><strong>petente</strong></span> <span class='ocrx_word' id='word_1_32' title='bbox 602 492 729 562; x_wconf 82' lang='lat' dir='ltr'><strong>Augusto.</strong></span> <span class='ocrx_word' id='word_1_33' title='bbox 766 490 818 546; x_wconf 80' lang='lat' dir='ltr'><strong>Sed</strong></span> 
     </span>
     <span class='ocr_line' id='line_1_6' title="bbox 26 564 817 637; baseline 0.005 -18"><span class='ocrx_word' id='word_1_34' title='bbox 26 583 98 635; x_wconf 82' lang='lat' dir='ltr'><strong>neque</strong></span> <span class='ocrx_word' id='word_1_35' title='bbox 108 569 166 620; x_wconf 87' lang='lat' dir='ltr'><strong>tum</strong></span> <span class='ocrx_word' id='word_1_36' title='bbox 184 565 272 620; x_wconf 84' lang='lat' dir='ltr'><strong>fuisse</strong></span> <span class='ocrx_word' id='word_1_37' title='bbox 287 564 463 630; x_wconf 73' lang='lat' dir='ltr'><strong>dubitaverim,</strong></span> <span class='ocrx_word' id='word_1_38' title='bbox 474 565 518 636; x_wconf 90' lang='lat' dir='ltr'><strong>qui</strong></span> <span class='ocrx_word' id='word_1_39' title='bbox 536 565 660 637; x_wconf 86' lang='lat' dir='ltr'><strong>ejusmodi</strong></span> <span class='ocrx_word' id='word_1_40' title='bbox 671 585 759 637; x_wconf 82' lang='lat' dir='ltr'><strong>praees</strong></span> <span class='ocrx_word' id='word_1_41' title='bbox 776 585 817 623; x_wconf 91' lang='lat' dir='ltr'><strong>oo·</strong></span> 
     </span>
     <span class='ocr_line' id='line_1_7' title="bbox 26 641 817 714; baseline 0.004 -18"><span class='ocrx_word' id='word_1_42' title='bbox 26 642 80 696; x_wconf 85' lang='lat' dir='ltr'><strong>culti</strong></span> <span class='ocrx_word' id='word_1_43' title='bbox 102 641 261 698; x_wconf 81' lang='lat' dir='ltr'><strong>illuderent:</strong></span> <span class='ocrx_word' id='word_1_44' title='bbox 292 659 322 698; x_wconf 81' lang='lat' dir='ltr'><strong>ao</strong></span> <span class='ocrx_word' id='word_1_45' title='bbox 344 645 432 697; x_wconf 85' lang='lat' dir='ltr'><strong>tumen</strong></span> <span class='ocrx_word' id='word_1_46' title='bbox 453 642 527 698; x_wconf 89' lang='lat' dir='ltr'><strong>initia</strong></span> <span class='ocrx_word' id='word_1_47' title='bbox 550 643 647 714; x_wconf 75' lang='lat' dir='ltr'><strong>fastigii</strong></span> <span class='ocrx_word' id='word_1_48' title='bbox 674 643 817 699; x_wconf 72' lang='lat' dir='ltr'><strong>derantur</strong></span> 
     </span>
     <span class='ocr_line' id='line_1_8' title="bbox 24 719 818 792; baseline 0.004 -19"><span class='ocrx_word' id='word_1_49' title='bbox 24 723 103 786; x_wconf 89' lang='lat' dir='ltr'><strong>erant;</strong></span> <span class='ocrx_word' id='word_1_50' title='bbox 120 719 262 790; x_wconf 82' lang='lat' dir='ltr'><strong>magisque</strong></span> <span class='ocrx_word' id='word_1_51' title='bbox 276 719 305 773; x_wconf 92' lang='lat' dir='ltr'><strong>in</strong></span> <span class='ocrx_word' id='word_1_52' title='bbox 320 719 400 774; x_wconf 88' lang='lat' dir='ltr'><strong>oeulis</strong></span> <span class='ocrx_word' id='word_1_53' title='bbox 412 721 486 774; x_wconf 87' lang='lat' dir='ltr'><strong>vetus</strong></span> <span class='ocrx_word' id='word_1_54' title='bbox 498 737 561 785; x_wconf 85' lang='lat' dir='ltr'><strong>mos,</strong></span> <span class='ocrx_word' id='word_1_55' title='bbox 575 723 602 774; x_wconf 90' lang='lat' dir='ltr'><strong>et</strong></span> <span class='ocrx_word' id='word_1_56' title='bbox 617 719 740 792; x_wconf 84' lang='lat' dir='ltr'><strong>privignis</strong></span> <span class='ocrx_word' id='word_1_57' title='bbox 758 739 818 776; x_wconf 89' lang='lat' dir='ltr'><strong>oum</strong></span> 
     </span>
     <span class='ocr_line' id='line_1_9' title="bbox 22 795 817 868; baseline 0.004 -18"><span class='ocrx_word' id='word_1_58' title='bbox 22 797 106 850; x_wconf 82' lang='lat' dir='ltr'><strong>vitrioo</strong></span> <span class='ocrx_word' id='word_1_59' title='bbox 116 796 200 851; x_wconf 87' lang='lat' dir='ltr'><strong>levior</strong></span> <span class='ocrx_word' id='word_1_60' title='bbox 212 795 387 861; x_wconf 85' lang='lat' dir='ltr'><strong>neeessitudo‚</strong></span> <span class='ocrx_word' id='word_1_61' title='bbox 398 813 473 867; x_wconf 91' lang='lat' dir='ltr'><strong>quam</strong></span> <span class='ocrx_word' id='word_1_62' title='bbox 485 813 532 850; x_wconf 87' lang='lat' dir='ltr'><strong>avo</strong></span> <span class='ocrx_word' id='word_1_63' title='bbox 544 795 678 852; x_wconf 77' lang='lat' dir='ltr'><strong>adversum</strong></span> <span class='ocrx_word' id='word_1_64' title='bbox 689 801 817 868; x_wconf 82' lang='lat' dir='ltr'><strong>nepotem.</strong></span> 
     </span>
     <span class='ocr_line' id='line_1_10' title="bbox 21 871 842 944; baseline 0.002 -18"><span class='ocrx_word' id='word_1_65' title='bbox 21 872 129 928; x_wconf 79' lang='lat' dir='ltr'><strong>Additus</strong></span> <span class='ocrx_word' id='word_1_66' title='bbox 151 871 323 943; x_wconf 77' lang='lat' dir='ltr'><strong>pontificatum</strong></span> <span class='ocrx_word' id='word_1_67' title='bbox 347 875 382 938; x_wconf 89' lang='lat' dir='ltr'><strong>et,</strong></span> <span class='ocrx_word' id='word_1_68' title='bbox 404 890 455 944; x_wconf 92' lang='lat' dir='ltr'><strong>quo</strong></span> <span class='ocrx_word' id='word_1_69' title='bbox 477 873 586 944; x_wconf 87' lang='lat' dir='ltr'><strong>primum</strong></span> <span class='ocrx_word' id='word_1_70' title='bbox 610 873 651 929; x_wconf 86' lang='lat' dir='ltr'><strong>die</strong></span> <span class='ocrx_word' id='word_1_71' title='bbox 673 874 756 930; x_wconf 83' lang='lat' dir='ltr'><strong>forum</strong></span> <span class='ocrx_word' id='word_1_72' title='bbox 780 874 842 930; x_wconf 76' lang='lat' dir='ltr'><strong>imt</strong></span> 
     </span>
     <span class='ocr_line' id='line_1_11' title="bbox 21 949 818 1022; baseline 0.003 -17"><span class='ocrx_word' id='word_1_73' title='bbox 21 969 120 1020; x_wconf 87' lang='lat' dir='ltr'><strong>gressus</strong></span> <span class='ocrx_word' id='word_1_74' title='bbox 131 953 181 1017; x_wconf 85' lang='lat' dir='ltr'><strong>est,</strong></span> <span class='ocrx_word' id='word_1_75' title='bbox 194 949 357 1020; x_wconf 86' lang='lat' dir='ltr'><strong>oongiarium</strong></span> <span class='ocrx_word' id='word_1_76' title='bbox 367 949 436 1020; x_wconf 90' lang='lat' dir='ltr'><strong>plebi</strong></span> <span class='ocrx_word' id='word_1_77' title='bbox 444 949 579 1004; x_wconf 75' lang='lat' dir='ltr'><strong>admodum</strong></span> <span class='ocrx_word' id='word_1_78' title='bbox 591 949 663 1017; x_wconf 82' lang='lat' dir='ltr'><strong>bete,</strong></span> <span class='ocrx_word' id='word_1_79' title='bbox 676 952 744 1022; x_wconf 87' lang='lat' dir='ltr'><strong>quod</strong></span> <span class='ocrx_word' id='word_1_80' title='bbox 756 951 818 1006; x_wconf 84' lang='lat' dir='ltr'><strong>Ger·</strong></span> 
     </span>
     <span class='ocr_line' id='line_1_12' title="bbox 19 1026 843 1098; baseline 0.008 -18"><span class='ocrx_word' id='word_1_81' title='bbox 19 1027 109 1082; x_wconf 82' lang='lat' dir='ltr'><strong>manici</strong></span> <span class='ocrx_word' id='word_1_82' title='bbox 131 1027 246 1098; x_wconf 80' lang='lat' dir='ltr'><strong>stirpem</strong></span> <span class='ocrx_word' id='word_1_83' title='bbox 272 1026 326 1097; x_wconf 88' lang='lat' dir='ltr'><strong>jam</strong></span> <span class='ocrx_word' id='word_1_84' title='bbox 348 1026 469 1096; x_wconf 85' lang='lat' dir='ltr'><strong>puberem</strong></span> <span class='ocrx_word' id='word_1_85' title='bbox 495 1026 657 1098; x_wconf 76' lang='lat' dir='ltr'><strong>adspiciebat.</strong></span> <span class='ocrx_word' id='word_1_86' title='bbox 705 1029 843 1087; x_wconf 70' lang='lat' dir='ltr'><strong>Auerna</strong></span> 
     </span>
     <span class='ocr_line' id='line_1_13' title="bbox 21 1102 816 1174; baseline 0.006 -18"><span class='ocrx_word' id='word_1_87' title='bbox 21 1103 107 1158; x_wconf 87' lang='lat' dir='ltr'><strong>dehine</strong></span> <span class='ocrx_word' id='word_1_88' title='bbox 124 1103 255 1174; x_wconf 86' lang='lat' dir='ltr'><strong>gaudium</strong></span> <span class='ocrx_word' id='word_1_89' title='bbox 273 1103 371 1174; x_wconf 87' lang='lat' dir='ltr'><strong>nuptiis</strong></span> <span class='ocrx_word' id='word_1_90' title='bbox 389 1102 499 1166; x_wconf 85' lang='lat' dir='ltr'><strong>Neronis</strong></span> <span class='ocrx_word' id='word_1_91' title='bbox 517 1111 544 1158; x_wconf 89' lang='lat' dir='ltr'><strong>et</strong></span> <span class='ocrx_word' id='word_1_92' title='bbox 561 1103 637 1159; x_wconf 77' lang='lat' dir='ltr'><strong>duliae</strong></span> <span class='ocrx_word' id='word_1_93' title='bbox 654 1104 735 1160; x_wconf 81' lang='lat' dir='ltr'><strong>Drusi</strong></span> <span class='ocrx_word' id='word_1_94' title='bbox 751 1105 816 1161; x_wconf 76' lang='lat' dir='ltr'><strong>tilia.</strong></span> 
     </span>
     <span class='ocr_line' id='line_1_14' title="bbox 23 1178 841 1253; baseline 0.007 -19"><span class='ocrx_word' id='word_1_95' title='bbox 23 1181 104 1250; x_wconf 86' lang='lat' dir='ltr'><strong>thue</strong></span> <span class='ocrx_word' id='word_1_96' title='bbox 114 1181 171 1235; x_wconf 73' lang='lat' dir='ltr'><strong>bueo</strong></span> <span class='ocrx_word' id='word_1_97' title='bbox 184 1178 302 1234; x_wconf 85' lang='lat' dir='ltr'><strong>seeundo</strong></span> <span class='ocrx_word' id='word_1_98' title='bbox 317 1197 429 1245; x_wconf 90' lang='lat' dir='ltr'><strong>rumore,</strong></span> <span class='ocrx_word' id='word_1_99' title='bbox 441 1180 479 1234; x_wconf 86' lang='lat' dir='ltr'><strong>ita</strong></span> <span class='ocrx_word' id='word_1_100' title='bbox 495 1179 608 1235; x_wconf 82' lang='lat' dir='ltr'><strong>adversis</strong></span> <span class='ocrx_word' id='word_1_101' title='bbox 624 1180 714 1236; x_wconf 83' lang='lat' dir='ltr'><strong>animis</strong></span> <span class='ocrx_word' id='word_1_102' title='bbox 732 1193 841 1253; x_wconf 72' lang='lat' dir='ltr'><strong>uooept</strong></span> 
     </span>
     <span class='ocr_line' id='line_1_15' title="bbox 20 1255 816 1328; baseline 0.005 -18"><span class='ocrx_word' id='word_1_103' title='bbox 20 1260 72 1310; x_wconf 85' lang='lat' dir='ltr'><strong>turn</strong></span> <span class='ocrx_word' id='word_1_104' title='bbox 94 1257 164 1328; x_wconf 89' lang='lat' dir='ltr'><strong>qnod</strong></span> <span class='ocrx_word' id='word_1_105' title='bbox 187 1257 245 1312; x_wconf 79' lang='lat' dir='ltr'><strong>fflio</strong></span> <span class='ocrx_word' id='word_1_106' title='bbox 274 1255 376 1312; x_wconf 81' lang='lat' dir='ltr'><strong>Claudii</strong></span> <span class='ocrx_word' id='word_1_107' title='bbox 401 1274 473 1312; x_wconf 85' lang='lat' dir='ltr'><strong>sooer</strong></span> <span class='ocrx_word' id='word_1_108' title='bbox 500 1257 609 1328; x_wconf 83' lang='lat' dir='ltr'><strong>Sejanus</strong></span> <span class='ocrx_word' id='word_1_109' title='bbox 638 1256 816 1314; x_wconf 85' lang='lat' dir='ltr'><strong>destinaretur.</strong></span> 
     </span>
     <span class='ocr_line' id='line_1_16' title="bbox 20 1333 841 1407; baseline 0.006 -20"><span class='ocrx_word' id='word_1_110' title='bbox 20 1333 140 1390; x_wconf 89' lang='lat' dir='ltr'><strong>Polluisse</strong></span> <span class='ocrx_word' id='word_1_111' title='bbox 158 1334 326 1389; x_wconf 85' lang='lat' dir='ltr'><strong>nobilitatem</strong></span> <span class='ocrx_word' id='word_1_112' title='bbox 344 1333 444 1388; x_wconf 75' lang='lat' dir='ltr'><strong>fmilia</strong></span> <span class='ocrx_word' id='word_1_113' title='bbox 461 1333 603 1400; x_wconf 86' lang='lat' dir='ltr'><strong>videbatur,</strong></span> <span class='ocrx_word' id='word_1_114' title='bbox 622 1338 841 1407; x_wconf 70' lang='lat' dir='ltr'><strong>suspectumquea</strong></span> 
     </span>
     <span class='ocr_line' id='line_1_17' title="bbox 18 1410 590 1482; baseline 0.003 -18"><span class='ocrx_word' id='word_1_115' title='bbox 18 1411 65 1480; x_wconf 82' lang='lat' dir='ltr'><strong>jam</strong></span> <span class='ocrx_word' id='word_1_116' title='bbox 77 1412 161 1466; x_wconf 74' lang='lat' dir='ltr'><strong>nimiae</strong></span> <span class='ocrx_word' id='word_1_117' title='bbox 173 1411 237 1482; x_wconf 88' lang='lat' dir='ltr'><strong>spei</strong></span> <span class='ocrx_word' id='word_1_118' title='bbox 249 1410 369 1481; x_wconf 87' lang='lat' dir='ltr'><strong>Sejanum</strong></span> <span class='ocrx_word' id='word_1_119' title='bbox 380 1410 448 1464; x_wconf 84' lang='lat' dir='ltr'><strong>ultra</strong></span> <span class='ocrx_word' id='word_1_120' title='bbox 459 1411 590 1466; x_wconf 83' lang='lat' dir='ltr'><strong>extulisse.</strong></span> 
     </span>
    </p>

    <p class='ocr_par' dir='ltr' id='par_1_3' title="bbox 19 1487 865 2636">
     <span class='ocr_line' id='line_1_18' title="bbox 52 1487 865 1559; baseline 0.006 -19"><span class='ocrx_word' id='word_1_121' title='bbox 52 1487 113 1543; x_wconf 83' lang='lat' dir='ltr'><strong>Fine</strong></span> <span class='ocrx_word' id='word_1_122' title='bbox 124 1488 187 1542; x_wconf 84' lang='lat' dir='ltr'><strong>anni</strong></span> <span class='ocrx_word' id='word_1_123' title='bbox 196 1505 348 1543; x_wconf 85' lang='lat' dir='ltr'><strong>oonoessere</strong></span> <span class='ocrx_word' id='word_1_124' title='bbox 360 1487 414 1541; x_wconf 87' lang='lat' dir='ltr'><strong>vita</strong></span> <span class='ocrx_word' id='word_1_125' title='bbox 424 1488 537 1559; x_wconf 86' lang='lat' dir='ltr'><strong>insignes</strong></span> <span class='ocrx_word' id='word_1_126' title='bbox 549 1487 598 1543; x_wconf 90' lang='lat' dir='ltr'><strong>viri</strong></span> <span class='ocrx_word' id='word_1_127' title='bbox 609 1487 641 1542; x_wconf 75' lang='lat' dir='ltr'><strong>Is.</strong></span> <span class='ocrx_word' id='word_1_128' title='bbox 654 1487 778 1544; x_wconf 84' lang='lat' dir='ltr'><strong>Volusius</strong></span> <span class='ocrx_word' id='word_1_129' title='bbox 790 1491 818 1544; x_wconf 90' lang='lat' dir='ltr'><strong>et</strong></span> <span class='ocrx_word' id='word_1_130' title='bbox 826 1499 865 1554; x_wconf 80' lang='lat'><strong>80</strong></span> 
     </span>
     <span class='ocr_line' id='line_1_19' title="bbox 21 1563 842 1636; baseline 0.002 -16"><span class='ocrx_word' id='word_1_131' title='bbox 21 1565 153 1620; x_wconf 81' lang='lat' dir='ltr'><strong>Sallustius</strong></span> <span class='ocrx_word' id='word_1_132' title='bbox 161 1565 285 1634; x_wconf 84' lang='lat' dir='ltr'><strong>Crispus.</strong></span> <span class='ocrx_word' id='word_1_133' title='bbox 322 1563 429 1619; x_wconf 87' lang='lat' dir='ltr'><strong>Volusio</strong></span> <span class='ocrx_word' id='word_1_134' title='bbox 440 1567 516 1619; x_wconf 91' lang='lat' dir='ltr'><strong>vetus</strong></span> <span class='ocrx_word' id='word_1_135' title='bbox 527 1564 629 1631; x_wconf 85' lang='lat' dir='ltr'><strong>familia,</strong></span> <span class='ocrx_word' id='word_1_136' title='bbox 637 1583 720 1636; x_wconf 85' lang='lat' dir='ltr'><strong>neque</strong></span> <span class='ocrx_word' id='word_1_137' title='bbox 731 1569 842 1622; x_wconf 71' lang='lat' dir='ltr'><strong>tument</strong></span> 
     </span>
     <span class='ocr_line' id='line_1_20' title="bbox 21 1642 819 1714; baseline 0.003 -16"><span class='ocrx_word' id='word_1_138' title='bbox 21 1647 152 1712; x_wconf 80' lang='lat' dir='ltr'><strong>pretorem</strong></span> <span class='ocrx_word' id='word_1_139' title='bbox 176 1661 302 1714; x_wconf 83' lang='lat' dir='ltr'><strong>egressa:</strong></span> <span class='ocrx_word' id='word_1_140' title='bbox 329 1642 385 1712; x_wconf 89' lang='lat' dir='ltr'><strong>ipse</strong></span> <span class='ocrx_word' id='word_1_141' title='bbox 403 1643 565 1698; x_wconf 82' lang='lat' dir='ltr'><strong>oonsulatum</strong></span> <span class='ocrx_word' id='word_1_142' title='bbox 587 1643 683 1710; x_wconf 88' lang='lat' dir='ltr'><strong>intulit,</strong></span> <span class='ocrx_word' id='word_1_143' title='bbox 703 1644 819 1700; x_wconf 86' lang='lat' dir='ltr'><strong>oensoria</strong></span> 
     </span>
     <span class='ocr_line' id='line_1_21' title="bbox 21 1718 818 1792; baseline 0.003 -18"><span class='ocrx_word' id='word_1_144' title='bbox 21 1719 92 1776; x_wconf 85' lang='lat' dir='ltr'><strong>etiam</strong></span> <span class='ocrx_word' id='word_1_145' title='bbox 120 1723 258 1792; x_wconf 81' lang='lat' dir='ltr'><strong>potestate</strong></span> <span class='ocrx_word' id='word_1_146' title='bbox 282 1718 396 1790; x_wconf 77' lang='lat' dir='ltr'><strong>legendis</strong></span> <span class='ocrx_word' id='word_1_147' title='bbox 420 1720 536 1790; x_wconf 88' lang='lat' dir='ltr'><strong>equitum</strong></span> <span class='ocrx_word' id='word_1_148' title='bbox 565 1719 675 1776; x_wconf 80' lang='lat' dir='ltr'><strong>decuriis</strong></span> <span class='ocrx_word' id='word_1_149' title='bbox 703 1720 818 1786; x_wconf 73' lang='lat' dir='ltr'><strong>funotua</strong></span> 
     </span>
     <span class='ocr_line' id='line_1_22' title="bbox 20 1794 841 1943; baseline 0.004 -17"><span class='ocrx_word' id='word_1_150' title='bbox 20 1794 362 1943; x_wconf 39' lang='lat' dir='ltr'><strong>titubatio-tlt</strong></span> <span class='ocrx_word' id='word_1_151' title='bbox 374 1795 595 1943; x_wconf 53' lang='lat' dir='ltr'><strong>tutum</strong></span> <span class='ocrx_word' id='word_1_152' title='bbox 606 1797 703 1929; x_wconf 65' lang='lat' dir='ltr'><strong>itt</strong></span> <span class='ocrx_word' id='word_1_153' title='bbox 721 1797 819 1928; x_wconf 55' lang='lat' dir='ltr'><strong>lismoi</strong></span> <span class='ocrx_word' id='word_1_154' title='bbox 825 1883 841 1930; x_wconf 64' lang='lat'>³</span> 
     </span>
     <span class='ocr_line' id='line_1_23' title="bbox 19 1950 818 2017; baseline 0.003 -13"><span class='ocrx_word' id='word_1_155' title='bbox 19 1950 76 2015; x_wconf 81' lang='lat' dir='ltr'><strong>tius,</strong></span> <span class='ocrx_word' id='word_1_156' title='bbox 94 1969 184 2007; x_wconf 88' lang='lat' dir='ltr'><strong>rerum</strong></span> <span class='ocrx_word' id='word_1_157' title='bbox 204 1950 382 2004; x_wconf 73' lang='lat' dir='ltr'><strong>Romanam</strong></span> <span class='ocrx_word' id='word_1_158' title='bbox 398 1950 592 2004; x_wconf 85' lang='lat' dir='ltr'><strong>florentissimus</strong></span> <span class='ocrx_word' id='word_1_159' title='bbox 609 1954 705 2017; x_wconf 80' lang='lat' dir='ltr'><strong>auctor,</strong></span> <span class='ocrx_word' id='word_1_160' title='bbox 725 1950 818 2006; x_wconf 85' lang='lat' dir='ltr'><strong>sororis</strong></span> 
     </span>
     <span class='ocr_line' id='line_1_24' title="bbox 19 2025 842 2098; baseline 0 -19"><span class='ocrx_word' id='word_1_161' title='bbox 19 2031 134 2096; x_wconf 87' lang='lat' dir='ltr'><strong>nepotem</strong></span> <span class='ocrx_word' id='word_1_162' title='bbox 160 2027 192 2082; x_wconf 90' lang='lat' dir='ltr'><strong>in</strong></span> <span class='ocrx_word' id='word_1_163' title='bbox 215 2043 312 2081; x_wconf 87' lang='lat' dir='ltr'><strong>nomen</strong></span> <span class='ocrx_word' id='word_1_164' title='bbox 335 2025 448 2081; x_wconf 82' lang='lat' dir='ltr'><strong>adscivit.</strong></span> <span class='ocrx_word' id='word_1_165' title='bbox 490 2028 578 2097; x_wconf 79' lang='lat' dir='ltr'><strong>Atque</strong></span> <span class='ocrx_word' id='word_1_166' title='bbox 601 2026 650 2091; x_wconf 85' lang='lat' dir='ltr'><strong>ille,</strong></span> <span class='ocrx_word' id='word_1_167' title='bbox 676 2027 842 2098; x_wconf 74' lang='lat' dir='ltr'><strong>quanquamt</strong></span> 
     </span>
     <span class='ocr_line' id='line_1_25' title="bbox 19 2100 820 2175; baseline 0.002 -17"><span class='ocrx_word' id='word_1_168' title='bbox 19 2107 135 2175; x_wconf 89' lang='lat' dir='ltr'><strong>prompto</strong></span> <span class='ocrx_word' id='word_1_169' title='bbox 160 2102 199 2157; x_wconf 78' lang='lat' dir='ltr'><strong>ad</strong></span> <span class='ocrx_word' id='word_1_170' title='bbox 223 2100 393 2172; x_wconf 81' lang='lat' dir='ltr'><strong>capessendos</strong></span> <span class='ocrx_word' id='word_1_171' title='bbox 416 2103 524 2158; x_wconf 86' lang='lat' dir='ltr'><strong>honores</strong></span> <span class='ocrx_word' id='word_1_172' title='bbox 548 2103 628 2171; x_wconf 90' lang='lat' dir='ltr'><strong>aditu,</strong></span> <span class='ocrx_word' id='word_1_173' title='bbox 651 2103 820 2160; x_wconf 77' lang='lat' dir='ltr'><strong>Maecenatem</strong></span> 
     </span>
     <span class='ocr_line' id='line_1_26' title="bbox 19 2177 819 2251; baseline 0.005 -19"><span class='ocrx_word' id='word_1_174' title='bbox 19 2180 158 2244; x_wconf 81' lang='lat' dir='ltr'><strong>emulatus,</strong></span> <span class='ocrx_word' id='word_1_175' title='bbox 173 2179 232 2234; x_wconf 86' lang='lat' dir='ltr'><strong>sine</strong></span> <span class='ocrx_word' id='word_1_176' title='bbox 244 2177 370 2248; x_wconf 85' lang='lat' dir='ltr'><strong>dignitate</strong></span> <span class='ocrx_word' id='word_1_177' title='bbox 382 2181 509 2234; x_wconf 85' lang='lat' dir='ltr'><strong>senatoria</strong></span> <span class='ocrx_word' id='word_1_178' title='bbox 519 2180 615 2234; x_wconf 91' lang='lat' dir='ltr'><strong>multos</strong></span> <span class='ocrx_word' id='word_1_179' title='bbox 626 2180 819 2251; x_wconf 86' lang='lat' dir='ltr'><strong>triumphalium</strong></span> 
     </span>
     <span class='ocr_line' id='line_1_27' title="bbox 22 2254 819 2325; baseline 0.006 -17"><span class='ocrx_word' id='word_1_180' title='bbox 22 2256 245 2325; x_wconf 85' lang='lat' dir='ltr'><strong>oonsulariumque</strong></span> <span class='ocrx_word' id='word_1_181' title='bbox 257 2254 374 2324; x_wconf 87' lang='lat' dir='ltr'><strong>potentio</strong></span> <span class='ocrx_word' id='word_1_182' title='bbox 390 2255 487 2321; x_wconf 83' lang='lat' dir='ltr'><strong>anteiit,</strong></span> <span class='ocrx_word' id='word_1_183' title='bbox 500 2256 615 2311; x_wconf 86' lang='lat' dir='ltr'><strong>diversus</strong></span> <span class='ocrx_word' id='word_1_184' title='bbox 628 2274 643 2310; x_wconf 86' lang='lat' dir='ltr'><strong>a</strong></span> <span class='ocrx_word' id='word_1_185' title='bbox 654 2260 769 2312; x_wconf 89' lang='lat' dir='ltr'><strong>veterum</strong></span> <span class='ocrx_word' id='word_1_186' title='bbox 780 2258 819 2314; x_wconf 90' lang='lat' dir='ltr'><strong>in-</strong></span> 
     </span>
     <span class='ocr_line' id='line_1_28' title="bbox 22 2331 819 2405; baseline 0.008 -21"><span class='ocrx_word' id='word_1_187' title='bbox 22 2332 109 2388; x_wconf 78' lang='lat' dir='ltr'><strong>stituto</strong></span> <span class='ocrx_word' id='word_1_188' title='bbox 120 2351 171 2403; x_wconf 88' lang='lat' dir='ltr'><strong>per</strong></span> <span class='ocrx_word' id='word_1_189' title='bbox 191 2331 292 2387; x_wconf 82' lang='lat' dir='ltr'><strong>cultum</strong></span> <span class='ocrx_word' id='word_1_190' title='bbox 310 2334 337 2386; x_wconf 88' lang='lat' dir='ltr'><strong>et</strong></span> <span class='ocrx_word' id='word_1_191' title='bbox 352 2331 497 2398; x_wconf 84' lang='lat' dir='ltr'><strong>munditias,</strong></span> <span class='ocrx_word' id='word_1_192' title='bbox 511 2333 633 2405; x_wconf 85' lang='lat' dir='ltr'><strong>oopiaque</strong></span> <span class='ocrx_word' id='word_1_193' title='bbox 649 2336 676 2388; x_wconf 85' lang='lat' dir='ltr'><strong>et</strong></span> <span class='ocrx_word' id='word_1_194' title='bbox 691 2335 819 2390; x_wconf 85' lang='lat' dir='ltr'><strong>affluentia</strong></span> 
     </span>
     <span class='ocr_line' id='line_1_29' title="bbox 23 2409 840 2486; baseline 0.01 -24"><span class='ocrx_word' id='word_1_195' title='bbox 23 2409 80 2466; x_wconf 81' lang='lat' dir='ltr'><strong>luxu</strong></span> <span class='ocrx_word' id='word_1_196' title='bbox 96 2413 215 2484; x_wconf 89' lang='lat' dir='ltr'><strong>propior.</strong></span> <span class='ocrx_word' id='word_1_197' title='bbox 254 2410 363 2466; x_wconf 84' lang='lat' dir='ltr'><strong>Suberat</strong></span> <span class='ocrx_word' id='word_1_198' title='bbox 380 2419 467 2467; x_wconf 88' lang='lat' dir='ltr'><strong>tamen</strong></span> <span class='ocrx_word' id='word_1_199' title='bbox 483 2413 556 2484; x_wconf 85' lang='lat' dir='ltr'><strong>vigor</strong></span> <span class='ocrx_word' id='word_1_200' title='bbox 575 2413 652 2468; x_wconf 88' lang='lat' dir='ltr'><strong>animi</strong></span> <span class='ocrx_word' id='word_1_201' title='bbox 672 2414 840 2486; x_wconf 78' lang='lat' dir='ltr'><strong>ingentibus5</strong></span> 
     </span>
     <span class='ocr_line' id='line_1_30' title="bbox 25 2487 818 2560; baseline 0.004 -21"><span class='ocrx_word' id='word_1_202' title='bbox 25 2489 127 2558; x_wconf 83' lang='lat' dir='ltr'><strong>negotiis</strong></span> <span class='ocrx_word' id='word_1_203' title='bbox 140 2507 199 2560; x_wconf 89' lang='lat' dir='ltr'><strong>par,</strong></span> <span class='ocrx_word' id='word_1_204' title='bbox 213 2505 246 2543; x_wconf 91' lang='lat' dir='ltr'><strong>eo</strong></span> <span class='ocrx_word' id='word_1_205' title='bbox 262 2487 345 2542; x_wconf 81' lang='lat' dir='ltr'><strong>aerior</strong></span> <span class='ocrx_word' id='word_1_206' title='bbox 360 2505 411 2558; x_wconf 88' lang='lat' dir='ltr'><strong>quo</strong></span> <span class='ocrx_word' id='word_1_207' title='bbox 427 2505 544 2543; x_wconf 84' lang='lat' dir='ltr'><strong>somnum</strong></span> <span class='ocrx_word' id='word_1_208' title='bbox 560 2493 587 2544; x_wconf 89' lang='lat' dir='ltr'><strong>et</strong></span> <span class='ocrx_word' id='word_1_209' title='bbox 601 2490 720 2544; x_wconf 85' lang='lat' dir='ltr'><strong>inertiam</strong></span> <span class='ocrx_word' id='word_1_210' title='bbox 737 2491 818 2558; x_wconf 83' lang='lat' dir='ltr'><strong>magis</strong></span> 
     </span>
     <span class='ocr_line' id='line_1_31' title="bbox 25 2563 842 2636; baseline 0 -22"><span class='ocrx_word' id='word_1_211' title='bbox 25 2565 174 2620; x_wconf 83' lang='lat' dir='ltr'><strong>ostentabat.</strong></span> <span class='ocrx_word' id='word_1_212' title='bbox 214 2564 304 2636; x_wconf 84' lang='lat' dir='ltr'><strong>Igitur</strong></span> <span class='ocrx_word' id='word_1_213' title='bbox 320 2563 441 2618; x_wconf 82' lang='lat' dir='ltr'><strong>ineolumi</strong></span> <span class='ocrx_word' id='word_1_214' title='bbox 451 2563 593 2620; x_wconf 70' lang='lat' dir='ltr'><strong>Maeeenate</strong></span> <span class='ocrx_word' id='word_1_215' title='bbox 610 2565 747 2633; x_wconf 86' lang='lat' dir='ltr'><strong>proximus,</strong></span> <span class='ocrx_word' id='word_1_216' title='bbox 760 2580 842 2625; x_wconf 71' lang='lat' dir='ltr'><strong>more</strong></span> 
     </span>
    </p>
   </div>
   <div class='ocr_carea' id='block_1_3' title="bbox 25 2635 823 2786">
    <p class='ocr_par' dir='ltr' id='par_1_4' title="bbox 25 2635 823 2786">
     <span class='ocr_line' id='line_1_32' title="bbox 25 2635 821 2711; baseline -0.011 -16"><span class='ocrx_word' id='word_1_217' title='bbox 25 2643 162 2711; x_wconf 77' lang='lat' dir='ltr'><strong>precipuus</strong></span> <span class='ocrx_word' id='word_1_218' title='bbox 175 2641 221 2696; x_wconf 85' lang='lat' dir='ltr'><strong>oui</strong></span> <span class='ocrx_word' id='word_1_219' title='bbox 234 2643 335 2694; x_wconf 78' lang='lat' dir='ltr'><strong>recreta</strong></span> <span class='ocrx_word' id='word_1_220' title='bbox 351 2640 534 2709; x_wconf 85' lang='lat' dir='ltr'><strong>imperatorum</strong></span> <span class='ocrx_word' id='word_1_221' title='bbox 549 2641 727 2700; x_wconf 87' lang='lat' dir='ltr'><strong>inniterentur,</strong></span> <span class='ocrx_word' id='word_1_222' title='bbox 740 2639 767 2688; x_wconf 88' lang='lat' dir='ltr'><strong>et</strong></span> <span class='ocrx_word' id='word_1_223' title='bbox 784 2635 821 2686; x_wconf 90' lang='lat' dir='ltr'><strong>in-</strong></span> 
     </span>
     <span class='ocr_line' id='line_1_33' title="bbox 25 2708 823 2786; baseline -0.009 -21"><span class='ocrx_word' id='word_1_224' title='bbox 25 2716 159 2773; x_wconf 79' lang='lat' dir='ltr'><strong>terficiendi</strong></span> <span class='ocrx_word' id='word_1_225' title='bbox 179 2717 304 2772; x_wconf 84' lang='lat' dir='ltr'><strong>Postumi</strong></span> <span class='ocrx_word' id='word_1_226' title='bbox 324 2715 445 2786; x_wconf 75' lang='lat' dir='ltr'><strong>agrippa</strong></span> <span class='ocrx_word' id='word_1_227' title='bbox 464 2716 589 2780; x_wconf 82' lang='lat' dir='ltr'><strong>oonseins,</strong></span> <span class='ocrx_word' id='word_1_228' title='bbox 609 2716 685 2768; x_wconf 78' lang='lat' dir='ltr'><strong>atate</strong></span> <span class='ocrx_word' id='word_1_229' title='bbox 702 2708 823 2778; x_wconf 84' lang='lat' dir='ltr'><strong>proveeta</strong></span> 
     </span>
    </p>
   </div>
   <div class='ocr_carea' id='block_1_4' title="bbox 0 0 1018 2992">
    <p class='ocr_par' dir='ltr' id='par_1_5' title="bbox 0 0 1018 2992">
     <span class='ocr_line' id='line_1_34' title="bbox 0 0 1018 2992; baseline 0 3"><span class='ocrx_word' id='word_1_230' title='bbox 0 0 1018 2992; x_wconf 95' lang='lat' dir='ltr'><strong> </strong></span> 
     </span>
    </p>
   </div>
  </div>
 </body>
</html>
