1936 2968
19 175 72 216 m
92 173 142 224 m
225 111 420 160 ANNALIUM
438 111 493 159 XV.
512 111 614 159 38—42
773 107 822 158 ⁸⁵7

19 223 139 280 cladibus
163 222 361 278 assimulmrtem.
398 223 477 278 Sexto
495 219 598 276 demum
616 217 656 273 dis
673 215 742 289 apud
758 217 871 284 imas40

19 297 156 372 Esquilias
168 299 226 354 finis
238 298 355 354 incendio
373 299 465 363 factus,
478 296 592 368 prorutis
608 314 654 366 per
671 295 823 350 immensum

19 377 147 441 edificiis,
160 375 192 429 ut
204 375 330 430 continuae
342 373 468 430 violentis
481 392 585 444 campus
597 377 624 427 et
635 371 707 426 velut
713 390 824 426 vacuum

20 454 113 509 celum
126 454 282 506 occurreret.
318 450 436 506 Necdum
449 450 533 522 posito
545 453 617 504 metu
628 447 727 503 redibat
738 448 848 505 levius2

19 547 129 586 rursum
150 531 281 599 grassatus
298 527 373 598 ignis,
386 526 480 598 patulis
499 525 579 596 magis
594 524 665 579 urbis
684 524 761 591 locis;
781 542 824 580 eo·

21 624 71 676 que
91 611 197 675 strages
208 604 340 659 hominum
354 604 444 668 minor,
458 602 564 657 delubra
578 601 653 655 dellm
665 606 692 656 ct
709 601 824 672 porticus

21 681 171 738 amoeuitati
192 679 282 736 dicate
303 679 380 735 latius
403 679 541 751 procidere.
578 678 692 748 Plusque
715 677 848 736 infamius

20 758 46 814 id
58 755 214 814 incendium
233 756 330 821 habuit,
345 756 405 827 quia
422 755 524 826 prediis
541 754 661 826 'ligellini
679 753 824 809 AEudlianis

21 837 180 905 proruperat
190 855 198 899 ;
215 833 400 903 videbaturque
418 832 490 888 Nero
509 830 647 888 condendae
664 829 735 885 urbis
751 849 825 887 nove
892 876 896 884 .

21 916 46 966 et
55 911 287 982 cognomentosuo
296 908 450 980 appellandae
458 909 564 979 gloriam
573 925 693 978 querere.
722 907 849 978 Quippec

22 988 48 1043 in
74 985 197 1057 regiones
221 985 426 1056 quattuordecim
448 985 534 1040 Roma
558 983 688 1049 dividitur,
717 1000 825 1053 quarum

23 1066 155 1134 quattuor
175 1061 281 1132 integre
300 1061 443 1126 manebant,
462 1065 516 1116 tres
538 1060 592 1114 solo
610 1064 687 1114 tenus
705 1059 824 1129 dejectae:

23 1143 129 1210 septem
148 1137 251 1208 reliquis
263 1156 344 1209 pauca
354 1141 481 1192 tectorum
493 1135 603 1207 vestigia
614 1140 771 1206 supererant,
790 1135 825 1190 la·

23 1233 86 1272 cere
98 1219 127 1269 et
141 1217 260 1268 semusta.
294 1214 424 1268 Domuum
434 1217 461 1268 et
472 1213 612 1268 insularum
625 1216 652 1268 et
664 1211 823 1282 templorum,
834 1215 870 1268 41

24 1309 85 1363 quse
97 1289 193 1344 amissa
204 1295 272 1357 sunt,
281 1308 415 1344 numerum
424 1289 488 1344 inire
499 1287 568 1343 haud
577 1293 724 1359 promptum
731 1288 823 1344 uerit:

24 1367 73 1423 sed
85 1365 261 1421 vetustissima
271 1365 403 1437 religione,
416 1365 484 1437 quod
503 1364 606 1420 Servius
622 1364 720 1420 Tullius
734 1365 824 1430 Luuae,

25 1448 52 1499 et
72 1459 168 1512 magua
183 1460 226 1497 ara
243 1441 389 1513 fanumque,
410 1460 466 1513 que
482 1441 602 1512 presenti
619 1441 728 1498 Herculi
745 1443 825 1496 Arcas

25 1517 151 1576 Evander
169 1522 318 1584 sacraverat,
338 1517 454 1589 cedesque
473 1518 582 1573 Statoris
600 1517 673 1572 Jovis
693 1521 754 1572 vota
773 1517 825 1572 Ro

24 1595 107 1660 mulo,
121 1593 265 1666 Numaeque
282 1595 353 1666 regia
370 1599 397 1650 et
415 1594 548 1649 delubrum
561 1595 655 1658 Veste,
676 1611 733 1648 cum
749 1611 825 1662 pena-

24 1671 99 1728 tibus
120 1669 207 1742 populi
227 1671 338 1726 Romani
356 1675 455 1726 exusta.
492 1670 551 1725 Jam
572 1688 633 1740 opes
653 1673 694 1724 tot
712 1669 849 1728 victoriis2

25 1747 153 1820 quaesitae,
167 1751 194 1802 et
207 1748 351 1802 Graecarum
364 1748 458 1802 artium
475 1747 573 1812 decora,
586 1747 645 1802 exin
662 1751 827 1804 monumenta

25 1823 195 1895 ingeniorum
217 1823 322 1894 antiqua
345 1828 372 1878 et
390 1823 544 1894 incorrupte,
564 1824 679 1894 quamvis
702 1824 731 1879 in
753 1828 826 1879 tauta

24 1899 188 1970 resurgentis
205 1899 276 1954 urbis
296 1899 492 1971 pulchritudine,
508 1900 590 1954 multa
611 1901 722 1956 seniores
739 1899 825 1955 memi-

25 1975 123 2040 nerint,
137 1993 192 2045 quse
203 1976 315 2046 reparari
326 1976 473 2047 nequibant.
509 1975 592 2030 Fuere
611 1977 656 2047 qui
673 1981 849 2032 annotarentss

24 2050 105 2105 XIV.
120 2049 177 2105 Kal.
192 2051 301 2106 Sextiles
322 2051 474 2122 principium
497 2051 608 2107 incendii
631 2052 707 2123 hujus
731 2058 824 2118 ortum,

26 2143 82 2196 quo
94 2129 122 2180 et
135 2125 247 2182 Senones
259 2131 359 2198 captam
371 2127 460 2182 urbem
475 2127 693 2182 inflammaverint.
729 2129 781 2184 Alii
795 2139 851 2184 eos

24 2217 111 2270 nsque
123 2217 185 2254 cure
195 2202 324 2272 progressi
336 2207 397 2257 sunt
409 2205 440 2256 ut
451 2201 559 2257 totidem
579 2217 658 2256 annos
676 2221 826 2277 mensesque

26 2278 56 2330 et
68 2273 125 2328 dies
136 2274 204 2329 inter
215 2281 325 2347 utraque
336 2276 453 2332 incendia
463 2284 606 2332 numerent.

64 2348 189 2404 (letarum
209 2347 281 2402 Nero
300 2366 363 2402 usus
384 2352 424 2402 est
443 2349 532 2419 patris
551 2350 640 2414 ruinis,
663 2355 826 2425 extruxitque
835 2357 874 2410 42

27 2423 134 2479 domum
145 2423 174 2477 in
185 2441 236 2492 qua
245 2423 314 2477 haud
326 2423 430 2495 perinde
442 2443 549 2495 gemmae
561 2430 588 2481 et
602 2445 693 2482 aurum
705 2430 826 2484 miraculo

27 2503 124 2564 essent,
146 2499 222 2554 solita
241 2498 339 2570 pridem
360 2503 386 2554 et
405 2499 469 2554 luxu
488 2502 600 2573 vulgata,
621 2521 697 2574 quam
719 2523 779 2559 arva
799 2510 826 2560 ct

27 2583 130 2647 stagna,
144 2575 210 2630 etin
221 2576 324 2630 modum
336 2575 501 2632 solitudinum
512 2577 572 2633 hinc
584 2578 654 2633 silvae
666 2579 725 2632 inde
737 2583 826 2648 aperta

28 2653 114 2725 spatia
123 2657 150 2708 et
161 2658 321 2724 prospectus;
335 2653 463 2724 magistris
473 2657 499 2709 et
508 2652 721 2709 machinatoribus
731 2653 825 2709 Severo
