1862 2952
105 98 153 146 164
444 95 565 146 TACITI

738 157 776 206 [n
787 157 815 198 u.
824 159 844 198 c.
853 156 892 199 ru.

80 207 242 263 tinoolmum
262 209 371 278 recepta.
408 207 532 278 Reliquis,
546 205 693 277 quominus
706 206 734 260 vi
746 211 794 261 aut
806 205 893 262 obsidio

103 284 290 355 subigerentur,
308 287 461 355 premetura
474 283 569 338 montis
586 282 673 338 Hremi
690 286 719 337 et
735 300 807 338 saeva
823 283 896 338 hiems

104 359 230 416 subvenit.
676 415 682 420 λ

59 439 97 494 52
137 438 175 492 At
192 436 281 492 Romae
296 440 425 492 commota
441 436 563 508 principis
579 435 661 500 domo,
675 438 708 490 nt
723 435 807 491 series
824 434 898 490 futuri

104 514 132 568 in
142 512 310 584 Agrippinam
322 513 395 568 exitii
411 513 542 584 inciperet,
556 511 795 572 Claudia'Pulchre
805 512 899 568 sobrina

83 590 160 661 2ejus
179 589 333 660 postulatum,
356 595 491 646 accusante
512 588 628 646 Domitio
651 589 727 644 Afro.
768 590 799 644 Is
819 605 899 644 reeens

104 671 223 738 pretura,
241 666 355 722 modicus
374 666 535 738 dignationis,
553 670 580 720 et
598 683 702 737 quoquo
718 665 836 721 facinore
849 683 898 737 pro

105 762 182 815 perus
204 742 349 808 clarescere,
368 743 463 798 crimen
484 742 657 814 impudicius,
673 741 825 796 adulterum
844 742 900 796 Fur·

105 820 185 885 nium,
205 819 326 877 veneficia
339 820 368 873 in
383 819 522 890 principem
538 824 565 874 et
583 818 734 873 devotiones
753 818 899 890 objectabat

85 897 249 966 8Agrippina
268 913 367 966 semper
386 900 467 961 atrox,
487 900 543 950 tum
567 899 594 949 et
617 895 733 966 periculo
759 895 901 966 propinque

108 989 220 1037 accensa,
231 972 316 1043 pergit
328 971 361 1026 ad
371 972 508 1040 Tiberium,
518 990 547 1026 ac
558 972 627 1026 forte
639 971 830 1026 sacrificantem
841 969 902 1042 patri

85 1047 210 1117 ereperit.
247 1047 307 1106 Quo
324 1047 397 1102 initio
413 1047 520 1112 invidie,
539 1065 592 1101 non
606 1046 721 1118 ejusdem
743 1047 782 1102 ait
797 1051 901 1101 mactare

109 1122 167 1178 divo
179 1125 299 1194 Augusto
310 1123 426 1178 victimas
438 1127 465 1178 et
477 1127 593 1194 posteros
605 1124 662 1194 ejus
674 1123 810 1178 insectari
846 1122 902 1177 Nm

107 1199 135 1252 in
155 1199 252 1270 effigies
275 1203 360 1253 mutas
380 1198 493 1254 divinum
513 1198 634 1269 spiritum
654 1198 840 1263 transfusum
862 1195 902 1252 sed

107 1274 242 1346 imaginem
262 1293 356 1340 veram,
376 1275 471 1330 celesti
494 1275 618 1346 sanguine
641 1278 734 1339 ortam,
761 1274 900 1344 intelligere

86 1350 251 1418 ddiscrimen,
272 1351 401 1421 suscipere
424 1350 520 1405 sordes.
556 1350 664 1405 Frustra
685 1350 830 1406 Pulchram
848 1365 901 1419 pre

110 1427 194 1492 scribi,
208 1427 250 1482 cui
268 1427 321 1482 sola
337 1427 409 1482 exitii
425 1445 502 1482 causa
516 1427 551 1481 sit
562 1426 631 1497 quod
642 1427 820 1498 Agrippinam
832 1424 902 1479 stulte

109 1521 215 1575 prorsus
236 1503 269 1557 ad
289 1503 387 1558 cultum
407 1503 537 1574 delegerit,
557 1503 639 1558 oblita
661 1503 744 1558 Sosiae
763 1502 799 1557 ob
823 1500 902 1556 eadnr

89 1580 217 1637 dafflictae.
252 1578 350 1634 Audita
378 1578 432 1634 hoec
458 1597 541 1632 raram
564 1579 660 1634 occulti
682 1579 798 1650 pectoris
823 1593 902 1630 vocem

111 1655 233 1722 elicuere;
252 1659 443 1726 correptamque
455 1655 543 1709 Graeco
555 1673 632 1710 versu
640 1653 776 1711 admonuit
788 1671 843 1710 non
852 1650 902 1706 idm

109 1731 243 1803 bedi‚quie
251 1749 303 1785 non
314 1733 440 1802 regnaret.
466 1729 577 1784 Pulchra
586 1734 612 1785 et
622 1730 736 1786 Furnius
745 1731 901 1786 damnantur.

89 1807 173 1862 7Aier
185 1806 337 1877 primoribus
350 1810 480 1860 oratorum
492 1805 601 1871 additus,
615 1806 751 1878 divulgato
762 1808 902 1880 ingenioet

111 1894 199 1936 secuta
219 1883 405 1937 asseveratione
429 1881 543 1946 Caesaris,
562 1900 614 1952 qua
633 1901 681 1938 suo
700 1883 764 1954 jure
786 1885 903 1942 diserte!

91 1970 170 2014 scum
190 1958 332 2028 appellarit.
368 1957 433 2012 Mox
449 1957 609 2028 capessendis
629 1960 848 2027 accusationibus,
863 1961 902 2014 na

111 2051 168 2088 reos
180 2033 296 2098 tutando,
307 2033 466 2104 prosperiore
478 2033 629 2102 eloquentior
641 2053 717 2106 quam
726 2053 832 2092 morum
843 2038 904 2092 im

110 2109 169 2172 fuit,
182 2110 232 2164 nisi
244 2109 311 2179 quod
323 2113 385 2164 aetas
403 2113 517 2163 extrema
532 2109 643 2164 multum
660 2111 741 2166 etiam
759 2111 902 2185 eloquent·

110 2183 228 2252 dempsit,
242 2185 302 2239 dum
314 2187 383 2240 fessa
400 2190 486 2241 mente
497 2186 593 2240 retinet
606 2187 702 2242 silentii
713 2188 901 2260 impatientiae

65 2257 146 2312 eant
157 2258 306 2327 Agrippina,
317 2261 436 2329 pervicax
447 2261 492 2315 irae
504 2267 531 2314 et
544 2262 632 2318 morbo
645 2266 761 2334 corporis
773 2267 902 2338 implicatu

109 2345 167 2412 cum
183 2331 277 2386 viseret
293 2352 347 2387 eem
367 2335 459 2400 Caesar,
477 2335 590 2406 profusis
607 2339 653 2394 diu
670 2357 700 2394 ac
714 2358 764 2410 per
783 2341 902 2397 silentiu

87 2398 225 2466 dammis,
243 2423 303 2459 mox
323 2409 444 2462 invidiam
461 2414 488 2465 et
508 2429 597 2480 preces
617 2415 737 2471 orditur:
764 2415 902 2472 subverlet

108 2472 245 2561 solitudini,
256 2478 329 2534 daret
341 2484 474 2550 maritum3
493 2485 603 2544 habilem
615 2490 699 2546 adhuc
707 2491 846 2561 juventam
858 2516 902 2539 w-

107 2547 270 2628 310¹]130fl1111d
282 2555 368 2619 probis
381 2575 456 2625 quam
470 2577 503 2614 ex
519 2565 683 2622 matrimonio
695 2567 838 2634 solatium3
856 2577 902 2620 erar

107 2625 135 2661 ²¹²
150 2621 260 2682 fficiam
273 2624 340 2694 mni
356 2629 389 2682 D·
404 2634 520 2703 Augusti
535 2643 672 2713 neptem‚†
687 2643 837 2698 ememor
852 2655 900 2696 er
