1960 2952
33 182 83 223 Η,
95 187 132 238 1⁶¹]
216 129 412 178 ANNALIUM
429 129 466 179 11.
486 129 588 178 lli-²4.
771 131 802 178 t!

32 241 138 300 cedibus:
156 247 191 302 uil
206 266 271 318 opus
287 247 402 318 captivis,
415 247 494 302 solum
511 245 708 302 internetionem
720 245 805 315 genus

30 315 94 374 inem
112 321 172 378 bello
191 324 253 378 fore.
288 324 398 393 Jamque
418 341 475 378 sero
495 321 547 378 diei
563 320 684 378 subducit
701 339 734 376 ex
751 320 831 376 ames

30 391 137 465 legionem
154 399 275 455 faciendis
297 399 403 455 castris:
428 405 520 456 cetera
541 397 573 453 sd
593 401 694 454 noctem
714 414 805 452 cruore

28 467 123 528 muium
135 477 231 532 satiatae
243 479 320 532 suntz
340 477 439 547 equitas
448 476 567 547 ambigua
578 478 714 530 certavere.
738 473 804 530 Issu-
814 473 853 528 22

28 545 84 603 datis
103 569 146 621 pro
164 553 285 608 concione
303 551 451 617 victoribus,
470 554 554 608 Oaesar
569 551 712 622 congeriem
725 568 805 606 mmo·

27 639 75 678 rum
96 629 193 693 struxit,
215 628 326 699 superbo
349 646 408 683 cum
431 628 525 683 titulo:
557 626 715 683 “debellstis
738 627 806 682 inter

28 697 134 758 Rhenum
153 705 289 775 Albimque
309 703 455 759 nationibus
476 703 618 759 exercitum
636 702 732 758 'liberii
752 701 807 758 Oss-

25 778 80 832 saris
97 797 126 834 ea
141 784 304 836 monumenta
320 781 399 835 Marti
418 785 445 835 et
464 780 527 836 Jori
544 783 571 834 et
587 780 707 850 Augousta
725 797 806 834 sscrs·

23 852 105 908 esser
130 857 170 911 De
182 875 209 912 se
220 857 284 912 nibil
295 856 400 922 addidit,
420 861 493 911 metu
504 855 612 920 invidia,
623 873 656 910 au
664 859 736 910 ratus
749 867 831 914 con-t

23 930 144 986 scientiam
160 933 221 988 laeti
237 934 300 988 satis
313 951 377 987 esse.
413 933 476 987 Mox
495 931 589 988 bellum
601 932 628 986 iu
641 931 831 1003 Angrivarios,

23 1003 135 1062 Stertinio
150 1009 301 1074 mandaturi
317 1008 470 1064 deditionem
489 1008 707 1080 properarissent:
729 1012 806 1080 atquc

20 1079 53 1136 illi
68 1084 194 1155 supplices,
209 1085 272 1140 nihil
284 1084 424 1150 abnuendo,
438 1085 537 1140 veniam
549 1084 662 1140 omnium
678 1102 804 1156 accepere.

22 1157 74 1222 Sed,
93 1165 178 1216 astate
198 1162 251 1233 jam
275 1160 369 1226 adulta,
390 1160 518 1232 legionum
536 1161 592 1216 aliur
615 1160 705 1216 itinere
728 1165 852 1228 terrem

17 1235 64 1290 'stri
79 1237 105 1292 in
121 1237 281 1292 hibernacula
301 1238 427 1303 remissae3
452 1238 538 1308 plures
560 1236 646 1293 Oaesar
665 1236 741 1293 classi
760 1239 805 1293 im-

19 1313 108 1382 positas
119 1332 163 1384 per
172 1315 268 1368 flumen
279 1313 404 1368 Amisiam
416 1314 518 1370 Oceano
529 1313 636 1368 invexit,
672 1314 711 1369 Ac
722 1314 829 1386 primos

16 1386 135 1456 placidum
147 1408 233 1461 equor
244 1389 314 1444 mille
325 1390 428 1444 navium
440 1391 518 1444 remis
534 1393 656 1461 strepere,
675 1393 720 1445 sut
739 1391 803 1446 velis

15 1461 120 1535 impelli:
137 1484 197 1521 mox
215 1470 271 1522 atro
287 1465 394 1520 nubium
411 1465 488 1537 globo
507 1466 588 1522 effusa
606 1465 710 1538 grandm
727 1467 804 1522 simul

16 1542 88 1596 variis
99 1542 207 1614 undique
223 1542 340 1613 procellis
355 1541 447 1597 incerti
462 1543 557 1597 fluctus
572 1548 733 1614 prospectum
754 1543 806 1598 adi·

17 1631 88 1683 mere,
105 1620 216 1690 regimen
233 1618 355 1689 impedire
364 1642 372 1684 ;
390 1618 514 1690 milesque
532 1618 638 1690 pavidus
658 1623 684 1675 st
700 1637 806 1674 casuum

15 1694 88 1749 muris
105 1695 207 1766 ignarus
223 1695 284 1750 dum
299 1695 388 1750 turbat
406 1700 497 1750 nautas
515 1695 556 1751 vel
570 1695 750 1766 intempestive
763 1696 803 1766 ju·

16 1771 149 1835 natalicia
160 1772 325 1843 prudentium
337 1772 522 1843 corrumpebat.
559 1772 642 1826 Omne
655 1771 746 1826 dehinc
758 1781 827 1826 cut

15 1841 67 1900 lum
85 1851 109 1902 et
132 1867 202 1903 marc
225 1866 300 1903 omne
323 1848 352 1901 in
375 1853 491 1902 austrum
514 1848 611 1914 cessit3
631 1847 675 1919 qui
698 1847 803 1902 tumidis

15 1919 149 1980 Germania
160 1925 245 1990 terris,
266 1923 398 1996 profundis
415 1924 539 1990 amnibus,
558 1925 682 1980 immenso
697 1923 804 1980 nubium

15 1999 95 2054 tractu
111 2001 216 2066 validus,
230 2005 258 2056 et
274 2001 358 2072 rigore
377 2001 454 2055 vicini
469 2001 649 2072 septentrionis
667 2000 802 2070 horridior,

15 2077 94 2147 rapuit
114 2078 264 2150 disiecitque
275 2095 354 2132 naves
372 2077 399 2132 in
417 2083 506 2148 aperta
521 2079 623 2145 Oceani,
643 2084 688 2134 aut
707 2079 803 2136 insulas

15 2153 80 2208 saxis
98 2154 212 2225 abruptis
230 2153 272 2209 rel
289 2171 335 2225 per
352 2153 454 2208 occulta
471 2154 536 2209 vada
552 2156 667 2212 inlectus.
704 2157 829 2224 Quibuse

15 2229 113 2300 pardum
140 2249 259 2302 aegreque
286 2230 382 2295 vitatis,
413 2234 550 2302 postquam
578 2232 694 2289 mutabat
725 2237 805 2289 astus

15 2304 152 2377 eodemque,
168 2326 220 2378 quo
240 2311 341 2372 ventus,
358 2307 465 2372 ferebat,
484 2325 536 2362 non
551 2308 680 2364 adhoerere
697 2309 803 2376 ancoris,

15 2399 63 2436 non
79 2384 209 2439 suham
229 2384 400 2454 irrumpentes
423 2382 505 2438 undas
525 2389 659 2454 poterant:
679 2386 746 2454 equi,
765 2386 805 2457 ju-

15 2462 100 2524 menta
120 2460 232 2524 sarcinae,
256 2459 334 2514 etiam
354 2477 424 2513 arma
442 2460 641 2531 precipitantur,
664 2479 714 2531 quo
738 2460 805 2516 leva-

15 2540 97 2590 rentur
108 2537 171 2592 alvei
183 2539 317 2591 manantes
329 2553 374 2604 per
385 2535 473 2600 latera,
482 2540 508 2590 et
520 2537 602 2590 fluctu
611 2541 804 2605 superungente.

15 2609 112 2670 Quanto
128 2612 265 2668 violentior
284 2615 370 2665 cetero
388 2612 451 2664 mari
467 2611 592 2673 Oceanus,
609 2615 636 2664 ct
652 2610 807 2662 truculentia
816 2617 855 2666 24

15 2686 64 2742 eoeli
81 2693 186 2760 praestat
208 2685 353 2752 Germania,
373 2688 476 2740 tautum
490 2685 534 2738 illa
550 2684 634 2737 clades
649 2681 765 2734 novitate
780 2683 808 2732 et
