2030 3000
35 203 58 241 Α,
68 202 94 242 Β,
104 203 149 253 Μ
261 143 458 192 ANNALIUM
474 143 522 193 xl.
535 145 606 194 4-e.
782 145 830 198 217

35 252 216 308 Meminisseut
238 253 297 309 Gaii
316 255 399 310 Asinii
422 259 448 311 et
468 255 594 322 Messala,
614 273 644 310 ae
662 255 855 312 recentiorum

33 330 153 384 Arruntii
170 332 197 384 et
209 329 357 387 AEsernini:
377 332 408 387 ad
424 351 522 388 summa
535 337 669 404 provectos
685 333 832 405 incorrupta

33 406 85 459 rita
96 409 124 460 et
136 406 268 463 facundia.
304 409 376 464 Talia
387 409 486 465 dicente
498 408 601 465 musula
615 408 755 480 duignatu
773 417 855 465 ocu-5

32 482 205 537 sentientibus
218 483 283 549 aliis,
295 486 432 555 parabatur
444 485 572 541 sententia
582 503 633 556 qua
644 485 701 557 lege
711 489 832 558 repetun-

32 557 122 614 darum
146 562 318 628 tenerentnr;
348 580 407 618 cnm
432 563 536 617 Suillius
560 565 586 616 et
611 561 780 618 Cossutianus
804 565 831 618 et

32 636 118 702 ceteri,
137 636 186 707 qui
202 654 256 692 uon
272 637 404 708 judicium,
425 639 530 710 (quippe
548 639 576 693 in
593 639 765 710 manifestos)
784 640 831 695 sed

33 729 133 780 poenam
154 714 236 768 statui
256 714 387 781 ridebant,
404 715 596 770 circumsistunt
615 715 749 780 Gaesarem,
771 719 831 771 ante

33 791 89 841 acta
108 788 286 860 deprecantes.
330 791 366 846 nt
389 799 524 863 postquam
547 791 644 857 adnuit,
669 810 745 864 agere
768 791 856 851 inci-7

32 865 121 932 piunt:
142 884 220 936 quem
231 867 304 921 illum
315 870 389 924 tauta
400 868 519 940 superbia
532 887 595 933 esse,
613 871 643 923 ut
659 868 830 923 aeternitatem

32 939 105 996 samaa
130 959 177 1012 spe
201 945 358 1013 prasumat?
385 945 454 1000 Usui
474 949 501 1000 et
514 945 590 1000 rebus
607 943 748 1000 subsidium
764 957 852 1015 prae-2

31 1018 122 1085 parari,
136 1036 170 1072 ne
183 1019 241 1089 quis
252 1019 339 1090 mopia
350 1020 530 1075 advocatorum
541 1020 688 1092 potentibus
701 1020 828 1076 obnoxius

32 1094 72 1147 sit.
110 1095 206 1166 Neque
226 1099 313 1151 tamen
334 1096 505 1167 eloquentiam
528 1097 641 1168 gratuito
665 1098 853 1170 contingerem

32 1171 116 1225 omitti
137 1189 213 1226 curas
233 1171 376 1238 familiares,
393 1176 424 1228 ut
444 1173 500 1244 quis
517 1191 545 1228 se
561 1173 649 1228 alienis
664 1173 775 1245 negotiis
792 1173 829 1228 in-

32 1246 128 1301 tendat.
166 1247 268 1302 Multos
280 1249 378 1314 militia,
392 1249 514 1321 quosdam
526 1249 665 1304 exercendo
678 1267 752 1321 agros
764 1250 853 1314 tole-4

32 1340 87 1378 rare
97 1323 196 1389 vitam
213 1325 278 1379 nihil
289 1343 305 1380 a
316 1343 442 1397 qucquam
460 1325 554 1396 expeti,
570 1326 620 1380 nisi
637 1325 711 1396 cujus
727 1326 827 1382 fructus

33 1403 90 1454 ante
109 1400 261 1470 providerit.
297 1401 382 1457 Facile
405 1402 523 1456 Asinium
542 1405 569 1456 et
592 1401 737 1469 Messalam,
760 1402 851 1465 intere

33 1476 173 1531 Antonium
186 1481 214 1531 et
226 1481 375 1550 Angustum
386 1477 507 1533 bellomm
522 1478 632 1548 praemiis
647 1479 762 1544 refertos,
782 1483 827 1534 aut

33 1551 122 1608 ditium
145 1553 302 1609 familiamm
326 1555 431 1610 heredes
455 1555 604 1610 Alseminos
630 1559 657 1610 et
680 1555 826 1621 Arruntios,

32 1646 152 1700 magnum
176 1631 291 1685 animum
313 1631 434 1686 induisse.
483 1631 606 1703 Prompta
629 1631 678 1686 sibi
701 1631 852 1702 exemplat

32 1707 133 1774 quantis
144 1706 307 1762 mercedibus
318 1707 350 1764 P.
363 1706 469 1762 Clodius
481 1709 526 1762 ant
544 1708 574 1762 Ο.
588 1707 667 1761 curio
684 1706 828 1762 concionari

31 1781 97 1836 soliti
109 1783 172 1838 sint.
211 1783 245 1838 Se
256 1782 369 1838 modicos
381 1787 519 1849 senatores,
533 1783 577 1854 qui
589 1783 714 1854 quietare
726 1781 851 1853 publicar

29 1859 99 1913 nulla
119 1859 172 1914 nisi
191 1859 262 1930 pacis
279 1860 450 1914 emolumenta
464 1863 589 1930 peterent.
626 1859 759 1930 Cogitaret
774 1858 827 1929 ple·

28 1931 92 2000 bem,
106 1954 166 2007 qnae
178 1940 243 2007 toga
254 1937 412 1992 enitesceret.
450 1935 563 1991 Sublatis
579 1934 722 1990 studiorum
737 1935 827 2004 pretiis

28 2013 104 2066 etiam
117 2011 208 2067 studia
218 2012 340 2083 peritura
376 2013 416 2067 Ut
427 2013 511 2067 minus
523 2011 614 2067 decora
629 2011 691 2075 hoec,
705 2012 742 2066 ita
758 2011 850 2067 handu

27 2088 125 2143 frustra
139 2088 212 2143 dicta
223 2089 340 2160 princeps
352 2093 432 2157 ratus,
445 2087 574 2159 capiendis
591 2089 705 2158 pecuniis
723 2089 826 2144 modum

26 2165 168 2234 †statnit†
188 2183 271 2235 usque
289 2165 322 2220 ad
343 2165 408 2220 dena
428 2164 554 2230 sestertia
576 2182 653 2236 quem
671 2166 769 2237 egressi
789 2183 826 2221 re-

25 2241 201 2313 petundarum
213 2245 370 2297 tenerentur.

60 2319 116 2374 Sub
141 2318 212 2373 idem
234 2322 336 2389 tempus
365 2317 538 2382 Mithridates,
563 2335 639 2388 quem
665 2317 854 2389 imperitiam&

27 2395 167 2460 Armeniis,
180 2395 264 2465 †mox
272 2394 484 2465 jussu†0aesaris
496 2394 610 2449 vinctum
618 2395 762 2460 memorari,
774 2412 827 2449 mo-

26 2477 103 2528 nente
122 2471 233 2528 Claudio
250 2471 279 2526 in
296 2489 402 2542 regumn
421 2471 549 2536 remearit,
567 2471 629 2526 fisus
648 2470 826 2526 Pharasmanis

26 2550 125 2620 cpsssus.
177 2549 206 2602 Iu
229 2565 276 2603 rex
299 2549 390 2613 Iberis,
414 2546 530 2617 idemque
555 2547 714 2602 Mithridatia
738 2547 851 2610 fratem

25 2628 164 2683 nuntiabat
178 2626 323 2682 discordare
338 2625 456 2688 Parthos,
475 2641 622 2694 summaque
639 2622 739 2691 imperii
750 2619 826 2673 ambi·

25 2722 80 2774 gua,
107 2704 213 2759 minora
236 2703 291 2758 sine
314 2719 377 2757 cura
399 2699 495 2756 haberi.
530 2699 600 2753 Nam
622 2697 689 2751 inter
711 2691 851 2748 Gotarzisa
