1866 2944
148 99 195 152 lso
395 109 398 114 '
483 101 603 154 Tuom

49 213 52 224 '
111 213 277 284 'ogenneret
300 229 334 268 ne
356 212 440 285 pellioi
463 218 655 286 snspeoteretus.
698 153 920 282 Sedtdmgffij

145 287 264 344 facinoris
276 293 381 355 metum,
393 290 556 361 prolationes,
570 291 666 347 diverse
679 287 791 345 interdum
805 279 892 368 oonsil'!

119 364 275 421 4offerebst.
309 365 416 420 Interim
429 367 488 422 enni
499 368 623 438 principio
633 368 725 422 Drusus
736 383 764 420 ex
774 363 901 417 (lemmso‘

146 439 231 495 liberis
243 445 329 513 togam
342 442 439 498 virilem
454 444 563 514 sumpsit
573 463 581 509 ς
599 461 700 515 queque
713 441 780 496 fretu
794 437 841 509 ejus
851 433 902 490 Ne·

123 517 203 575 troni
219 517 366 574 demoveret
383 522 496 584 senatus,
514 520 632 590 repetitu
666 517 762 574 Addidit
780 512 904 593 oretimon}

146 593 239 660 Cesar,
259 593 341 649 multe
357 612 416 650 oum
431 594 506 650 leude
520 595 567 651 filii
583 597 631 662 sui,
650 595 715 667 quod
729 590 893 666 petrisbeutvt·

122 669 225 728 alentio
235 670 361 726 inlustris
372 671 466 728 liberos
477 671 552 726 foret.
588 672 657 727 Nem
668 673 768 735 Drusus,
780 677 905 739 quenqmp

110 766 119 796 ,·
145 746 253 802 arduum
271 747 305 802 sit
323 746 413 802 eodem
426 747 475 803 looi
490 748 631 818 potentiam
649 752 676 804 et
693 744 834 803 eoneordiun
846 742 907 802 ml

144 838 233 895 equus
245 823 454 889 odolesoentibus,
470 828 515 878 eut
532 827 601 878 oerte
615 842 667 880 non
684 824 801 886 adversus,
814 814 893 873 hebete

144 903 195 954 tur.
232 899 300 954 Exin
316 903 392 955 vetus
409 904 437 955 et
454 918 521 970 sepe
539 899 686 955 simulatum
708 890 908 970 prodessemus

121 976 285 1046 4provinoiss
298 977 430 1032 eonsilium
442 977 559 1032 retertur.
596 976 783 1031 Multitudinem
793 976 896 1028 samue

143 1071 201 1108 rum
225 1052 382 1123 praetexebat
405 1052 550 1124 imperator,
575 1056 602 1108 et
620 1052 757 1108 deleotibus
774 1047 863 1120 supp'lm

139 1128 285 1189 exereitus:
304 1147 363 1184 nem
374 1129 545 1184 voluntun'um
561 1128 668 1184 militem
684 1129 775 1194 deesse,
792 1143 818 1182 ee
830 1123 895 1208 sisne

111 1225 119 1268 5
143 1205 249 1277 p'editet,
273 1223 324 1260 non
342 1205 431 1262 eedem
447 1206 543 1262 virtute
567 1224 596 1262 ee
620 1206 746 1262 modestis
766 1218 868 1276 egeret
894 1219 895 1222 ’

120 1292 135 1339 t
145 1283 293 1354 plerumque
305 1283 393 1354 inopes
402 1300 433 1338 eo
444 1283 503 1355 vagi
511 1287 602 1354 sponte
611 1283 728 1338 militiam
739 1283 836 1338 sument.
855 1277 895 1362 Psi·

144 1359 293 1430 censuitque
305 1360 398 1414 oumsim
416 1377 550 1414 numerum
566 1359 704 1431 legionum,
723 1363 749 1414 et
761 1375 816 1430 ques
826 1367 896 1426 prom

120 1444 135 1493 6
144 1435 195 1490 eins
207 1438 361 1491 tutarentur.
398 1435 476 1496 Quod
486 1435 549 1490 mihi
560 1453 661 1507 qnoque
670 1433 843 1507 exsequendum
851 1443 894 1490 m·

117 1536 123 1577 ς
144 1528 201 1581 quse
210 1515 273 1566 tuno
282 1512 399 1567 Romans
406 1513 479 1584 eopia
489 1512 518 1568 in
526 1513 610 1578 ermis,
621 1513 666 1583 qui
677 1513 741 1569 soeii
748 1529 820 1584 reges,
829 1507 896 1579 qmlt

117 1587 179 1644 osie
192 1588 325 1661 angustius
337 1588 518 1660 imperitatum.
554 1589 657 1644 Italiam
672 1593 780 1660 utroque
794 1585 846 1642 muri
858 1581 898 1636 dl·

144 1664 244 1732 olesses,
269 1665 399 1720 Misenum
420 1665 488 1737 apud
510 1670 538 1721 et
561 1666 719 1732 Ravennam,
744 1665 896 1738 proximnuqtt

119 1771 124 1806 ;
146 1741 233 1797 Gellise
246 1742 308 1797 litus
324 1745 442 1798 nostrate
459 1761 536 1798 neves
555 1742 733 1813 praesidebnnt,
751 1761 808 1814 ques
822 1737 897 1794 sens

143 1818 251 1874 siotons
262 1823 349 1890 eeptss
362 1821 498 1891 Augustus
509 1819 538 1874 in
549 1819 670 1890 oppidum
678 1819 839 1892 Forojulieuse
847 1814 897 1870 mist

121 1899 192 1962 test,
206 1897 289 1952 velido
301 1915 360 1953 oum
368 1897 472 1969 remige.
504 1897 555 1952 Sed
563 1897 718 1968 praeoipuum
728 1898 801 1954 robur
810 1895 897 1952 mun

142 1971 225 2042 juxte,
239 1991 372 2029 eommune
383 1974 411 2030 in
421 1975 560 2029 Germanos
570 1973 707 2044 Gallosque
719 1974 850 2037 subsidium,
858 1975 898 2024 oet

144 2048 257 2123 legiones
281 2053 361 2106 erent.
397 2050 538 2122 Hispaniae,
563 2067 651 2105 reeens
675 2049 822 2121 perdente,
839 2047 866 2102 tri

122 2124 310 2182 thebebentur.
346 2126 453 2181 Mauros
465 2127 483 2181 J
483 2127 534 2181 ube
545 2144 590 2181 rex
601 2131 734 2196 eooeperat
743 2125 828 2180 donum
835 2141 862 2195 po

122 2224 129 2252 .·
144 2200 262 2258 Romani.
298 2201 392 2257 Oetere
411 2201 506 2256 Alidem
529 2218 576 2271 per
599 2201 662 2256 dues
685 2200 801 2273 legiones,
822 2199 865 2272 ρι’
895 2203 896 2208 ’

121 2282 249 2332 snumero
269 2277 407 2348 AEgyptus.
442 2277 545 2332 Dehine
568 2276 642 2332 initio
660 2277 692 2331 eb
716 2278 786 2349 Syrie
800 2269 903 2349 usquesd

143 2351 239 2408 flumen
249 2352 406 2420 Euphraten,
421 2355 545 2422 qnantum
559 2352 659 2424 ingenti
670 2357 793 2410 terrerum
808 2355 857 2410 sinu
890 2416 894 2424 ,

122 2450 127 2456 ·
144 2424 221 2488 bitur,
230 2429 352 2494 quattuor
363 2426 506 2496 legionibus
517 2430 634 2494 ooe'roite,
643 2429 733 2485 eoeolis
742 2429 813 2486 Ibero
821 2431 899 2487 illm

145 2513 194 2560 que
207 2501 233 2549 et
245 2499 299 2550 eliis
311 2501 422 2568 regibus,
434 2503 478 2573 qui
486 2503 663 2574 magnitudine
671 2510 759 2561 nostre
766 2512 898 2582 pmteguutu

121 2568 277 2624 tedversum
290 2575 393 2628 externo
405 2575 521 2645 imperis.
557 2580 593 2640 Et
605 2581 739 2639 Thraoiem
750 2579 899 2642 Rhemeuts

145 2654 174 2692 so
194 2640 267 2699 libesi
286 2645 383 2716 Cotyis,
402 2649 535 2722 ripamque
555 2655 671 2714 Dsmubii
688 2659 812 2732 legionum
828 2659 899 2722 dist
