1866 2944
168 135 213 182 118
501 134 620 184 'raom

794 188 905 241 [arom

164 245 221 308 rati,
234 242 390 299 restantibus
402 245 503 298 laminis
518 245 652 299 adversum
669 244 719 314 pila
733 247 758 298 et
773 241 861 313 gladium
873 235 907 291 aed

164 319 236 374 miles
248 321 371 390 correptis
384 320 516 375 securibus
527 325 555 375 et
571 320 689 386 dolabris,
707 325 736 374 ut
747 319 767 374 si
781 334 859 372 minan
867 331 906 383 par-

164 399 302 465 rumperet,
316 395 411 450 caedere
424 397 538 467 tegmina
549 401 576 451 et
586 415 705 467 corpora;
723 394 813 466 quidun
821 389 904 446 trudibus

164 475 209 525 aut
233 471 314 526 furcis
337 472 445 526 inertem
469 473 560 528 molem
583 479 756 544 prosternere;
778 471 904 542 jaculaque,

163 549 233 603 nullo
245 548 278 603 ad
289 549 473 621 resurgendum
487 550 553 615 nisu,
573 551 646 620 quasi
661 551 782 605 exanimes
797 543 904 628 linquebwf

140 628 214 679 itur.
252 626 369 681 Sacrovir
380 626 462 696 primo
478 626 702 698 Augustodunum,
719 627 774 681 dein
788 627 845 678 meta
858 616 904 672 datr

163 701 241 756 tionis
253 702 280 756 in
291 703 376 757 villam
388 703 556 773 propinquam
567 722 627 759 cum
639 703 764 758 fidissimis
772 699 847 772 pergit.
867 693 903 748 llio

164 795 211 832 sua
234 797 317 844 manu,
341 779 432 850 reliqui
454 780 552 834 mutuis
575 779 670 834 ictibus
688 778 801 834 cecidere.
830 775 903 855 herrat

116 859 155 919 47
164 872 242 925 super
264 855 324 910 villa
347 873 434 910 omnes
458 856 587 911 cremavit.
624 855 691 910 Tum
714 855 806 909 demum
825 849 903 904 nam

164 935 248 984 ortum
273 935 454 1002 patratumque
484 931 576 986 bellum
607 932 709 986 senatui
730 929 833 1000 scripsit;
851 935 903 990 naq*

164 1005 273 1077 dempsit
285 1011 330 1062 aut
342 1008 440 1063 addidit
452 1025 520 1071 vero,
534 1007 580 1062 sed
597 1007 645 1062 fide
658 1025 688 1062 ac
701 1010 791 1062 virtute
800 1004 903 1073 legatam

139 1085 283 1152 scansilia,
295 1085 460 1154 superfuisse.
499 1082 579 1138 Simul
596 1101 686 1138 causas
703 1102 747 1138 cur
763 1080 903 1156 nonipsan!

163 1159 273 1225 Drusus,
286 1161 395 1230 proiecti
414 1159 484 1215 adid
502 1159 596 1214 bellum
613 1160 705 1224 forent,
725 1156 914 1237 adjunritmatt

163 1235 276 1290 tudinem
290 1237 389 1307 imperii
403 1235 536 1300 extollens,
553 1254 636 1306 neque
653 1235 770 1292 decorum
785 1225 914 1310 pnndplbflpl

164 1312 258 1367 sinna
278 1313 388 1367 alterave
411 1313 501 1368 civitas
526 1312 622 1376 turbet,
644 1313 737 1367 omissa
753 1310 814 1373 urbe,
829 1302 903 1359 mdiu

140 1389 248 1443 Somnia
258 1390 379 1460 regimen.
417 1389 495 1444 Nunc
509 1389 569 1459 quia
578 1407 630 1442 non
641 1393 714 1444 metu
722 1388 824 1449 ducatur,
833 1382 901 1436 itum!

163 1468 194 1519 ut
205 1467 341 1536 praesentia
352 1470 479 1536 spectaret
496 1469 717 1536 componeretque.
751 1465 867 1519 necavere
878 1465 902 1521 l*

163 1544 216 1594 tres
240 1546 301 1596 vota
323 1560 369 1612 pro
392 1542 478 1596 reditu
502 1542 557 1612 ejus
581 1541 817 1611 supplicationesque
835 1537 854 1588 et
874 1523 903 1580 ⁸1⁸

139 1616 261 1672 ddeoora
298 1618 372 1673 Solus
388 1618 522 1674 Dolabella
540 1618 681 1683 Cornelius,
699 1618 757 1672 dum
772 1612 850 1670 uam
861 1607 904 1660 td*

162 1712 205 1748 ros
216 1699 297 1765 parat,
311 1695 445 1750 absurdam
457 1695 484 1749 in
497 1695 668 1750 adulationem
684 1708 828 1775 progressus,

139 1773 193 1824 tut
211 1789 289 1826 orans
305 1790 320 1826 e
336 1772 474 1840 Campania
491 1771 581 1826 urbem
596 1771 723 1826 introiret.
757 1757 903 1850 lgitmflscrfl

163 1847 270 1902 Caesaris
283 1847 383 1913 litterae,
397 1847 489 1918 quibus
502 1865 529 1902 se
541 1866 593 1903 non
604 1851 658 1902 tam
669 1865 775 1902 vacnum
790 1843 855 1915 glorlfl
865 1845 903 1904 l*

162 1921 270 1991 dicabat,
287 1927 318 1977 ut
341 1928 399 1994 post
417 1924 585 1979 ferocissimas
609 1927 699 1995 gentes
723 1919 862 1994 perdomita
882 1959 895 1994 ,-

161 2003 277 2070 receptos
293 2000 322 2054 in
334 2000 442 2070 juventa
457 2004 502 2054 aut
519 2004 618 2070 spretos
633 2000 781 2070 triumphos,
795 1999 839 2068 jau
893 2044 898 2059 .

162 2076 371 2147 peregrinationis
384 2076 535 2132 suburbana
546 2077 621 2131 inane
633 2077 765 2147 praemium
775 2071 862 2146 peteret·
878 2132 893 2148 Ι,

114 2160 153 2212 48
197 2151 250 2206 Sub
262 2152 329 2207 idem
344 2157 453 2222 tempus,
473 2156 503 2207 ut
522 2171 589 2208 mors
605 2153 711 2223 Sulpicii
727 2148 822 2212 Quirini
836 2162 862 2216 pss

137 2229 287 2298 tensaquiis
306 2229 519 2300 frequentaretur,
540 2230 632 2300 petivit
655 2247 671 2283 a
690 2232 787 2284 senatu.
819 2216 871 2279 Nihfl

160 2307 273 2358 veterem
292 2309 319 2360 et
338 2305 471 2376 patriciam
493 2305 662 2376 Sulpiciorum
683 2299 842 2360 familiana
876 2365 880 2376 Ι

160 2380 291 2444 pertinuit,
305 2385 378 2434 crtus
396 2381 464 2450 apud
484 2382 649 2451 municipium
662 2381 816 2436 Lanuvium:
832 2369 881 2453 wia,

160 2451 232 2518 piger
244 2454 340 2508 militiae
349 2460 376 2508 et
388 2457 488 2510 aeribus
501 2458 656 2525 ministeriis,
669 2459 822 2513 consulatum
829 2448 875 2532 sub·

160 2523 357 2590 Augustorum
368 2532 521 2600 expugnatis
533 2551 578 2602 per
591 2533 705 2588 Ciliciam
717 2527 842 2590 Homonad

161 2596 269 2648 castellis
281 2599 391 2668 insignia
401 2605 525 2674 triumphi
543 2607 658 2677 adeptus,
679 2609 802 2680 datusque
814 2605 872 2660 redd

162 2664 255 2720 Oaesari
275 2671 421 2728 Armeniam
441 2678 575 2746 obtinenti,
594 2683 727 2740 'liberium
747 2699 837 2758 qu⁰q¹1⁰
